2920 3741
1422 241 1477 281 10

504 383 577 433 VI,
617 385 681 425 16.
749 381 962 441 Ιριίφεται
1010 385 1105 426 ταὶ
1150 384 1419 441 tua-upa}
1460 384 1690 442 χαῖται.

505 455 553 497 111
584 455 717 497 verbis
748 457 892 510 poetae
923 455 1011 498 cod.
1045 469 1070 498 a
1101 470 1161 511 pr.
1197 459 1246 498 τᾶ
1276 459 1440 513 καπυρᾶ
1465 454 1591 514 Zaira
1620 454 1756 497 habet.
1822 453 1960 496 Verba
1988 454 2031 497 in
2063 467 2182 498 versu
2225 455 2360 499 minus
2390 457 2499 500 clare
2528 457 2614 501 for·

284 529 393 573 tasse
422 527 578 583 scripta
607 527 801 571 librarius
832 528 947 572 varia
977 528 1152 572 lectione
1184 528 1370 573 correxit.

505 601 578 650 VI,
613 603 682 643 ⁶29.
747 600 899 655 Σῖγα
931 601 1243 644 δ’ὑλακτεῖ
1287 618 1371 643 νιν
1401 601 1499 642 καὶ
1533 600 1598 658 τᾷ
1628 598 1775 642 κυνί.
1838 599 1942 648 τινὲς
1969 599 2018 641 δὲ
2048 598 2336 643 ὑλακτεῖν
2368 602 2612 659 γράφουσιν,

281 671 332 714 ἵν’
382 673 537 722 ἐλλιπὲς
566 670 592 731 ᾗ
623 675 667 715 τὸ
697 674 939 731 ἐπέτρεψεν.
1002 676 1041 715 οἱ
1060 675 1122 716 ,δὲ
1155 677 1456 731 προστακτικῶς
1487 673 1546 714 ὑ).
1563 674 1629 714 dx
1648 688 1704 714 τε
1722 689 1748 714 ι.
1796 673 2001 729 γράφεται
2032 687 2085 714 σι
2102 688 2170 727 γα
2187 687 2209 721 ς
2227 707 2236 715 .
2262 706 2271 716 .
2297 706 2305 716 .
2340 673 2404 716 κύ
2421 691 2457 715 ω
2475 690 2495 716 ν
2526 690 2613 718 νιν

281 747 548 788 ὁλαιτεί

502 818 711 874 Zieglerus
745 833 782 873 p.
818 821 874 861 49
907 819 1142 863 adnotavit:
1198 818 1338 862 ὃάὖτε
1371 821 1442 861 3111
1474 818 1592 859 δεῦτε
1624 819 1717 872 post
1748 833 1866 872 σιγας
1893 817 2109 861 videbatur
2147 817 2251 861 mihi
2281 818 2481 873 scriptum
2513 832 2610 864 esse.

291 904 391 931 num
422 891 597 941 fuerunt,
631 892 702 945 qui
733 892 937 946 legerent:
972 894 1106 950 στγῂςς
1140 893 1260 932 δεῦτε
1291 891 1414 934 κύων.
1447 907 1502 930 νιν
1535 890 1704 930 ὑλάκτει.
1760 889 1870 943 quod
1900 891 2105 946 Zieglerus
2137 890 2321 941 coniecit,
2355 892 2612 945 perversissi-

291 976 408 1005 mum
440 965 501 1005 est
531 977 660 1018 neque
690 964 776 1005 ullo
808 964 930 1007 modo
962 964 1058 1006 ferri
1090 966 1236 1019 potest,
1271 977 1364 1006 nam
1396 963 1486 1017 quis
1519 964 1591 1012 est,
1625 974 1747 1017 quern
1764 963 2040 1019 Polyphemus
2071 965 2158 1006 tam
2189 962 2325 1005 subito
2356 963 2613 1019 alloquitur?

291 1038 383 1077 tum
416 1036 536 1077 δεῦτε
581 1050 791 1090 nunquam
838 1051 918 1079 non
966 1051 1060 1079 cum
1093 1037 1242 1090 plurali
1276 1035 1547 1089 coniungitur.
1625 1035 1749 1077 verba
1794 1036 1951 1089 primae
1982 1035 2167 1078 lectionis
2199 1038 2294 1089 σξγα
2325 1035 2532 1077 δ’ὑλακτεῖ
2557 1052 2613 1078 νιν

288 1110 360 1149 καὶ
393 1109 443 1165 τᾷ
474 1110 560 1149 κυνὶ
590 1111 677 1149 13111
711 1112 905 1162 corrupta
934 1111 1041 1158 sunt,
1085 1112 1133 1150 ut
1164 1108 1355 1161 explicari
1386 1121 1464 1150 non
1497 1107 1676 1160 possint:
1731 1120 1834 1160 quae
1866 1110 2100 1161 sequuntur,
2134 1107 2212 1149 viri
2244 1106 2354 1149 docti
2385 1108 2491 1149 tueri
2522 1110 2610 1150 stu-

287 1179 476 1222 duerunt.
554 1179 674 1222 alteri
705 1180 887 1222 ὑλακτεῖν
917 1182 1110 1235 patronus
1142 1180 1298 1222 exstitit
1331 1179 1668 1221 Wuestemannus
1700 1192 1738 1232 p.
1777 1180 1883 1221 101:
1941 1178 2080 1234 ..Σῖρά
2110 1179 2247 1230 136116,
2280 1180 2382 1223 1111111
2414 1192 2482 1227 sc..
2517 1179 2607 1223 cani

284 1252 478 1307 significo
514 1253 740 1304 (ἐπιτάσσω
773 1253 882 1307 quod
913 1252 1185 1306 supplendum
1217 1254 1307 1300 est).
1342 1254 1388 1291 ut
1420 1265 1512 1291 eum
1544 1250 1721 1291 allatret.
1776 1253 1879 1292 nutu
1910 1253 2072 1292 tantum
2094 1252 2169 1293 hoc
2200 1251 2300 1293 facit
2321 1252 2610 1307 Polyphemus,

288 1337 368 1367 non
401 1337 498 1367 voce
529 1337 659 1379 neque
690 1325 824 1370 sibilo.
874 1325 970 1379 quia
1000 1337 1078 1367 non
1109 1325 1210 1370 vult.
1258 1326 1304 1365 111
1335 1323 1520 1366 fraudem
1551 1323 1700 1365 sentiat
1730 1323 1908 1377 puella-:⁶
1973 1336 2096 1378 quam
2126 1327 2236 1368 torta
2266 1326 2365 1368 haec
2395 1325 2450 1367 sit
2482 1325 2612 1379 expli-

283 1396 398 1436 catio
432 1398 473 1436 et
504 1398 704 1449 quantum
738 1397 857 1446 absit,
906 1398 952 1436 ut
997 1396 1153 1436 auctori
1187 1396 1265 1448 ipsi
1297 1395 1508 1448 placuerit,
1558 1395 1768 1448 sequentia
1815 1395 1900 1435 eius
1948 1395 2070 1436 verba
2101 1395 2400 1437 demonstrant:
2467 1396 2609 1438 ..Dura

286 1467 402 1510 verbi
450 1467 607 1521 ellipsis
654 1468 822 1510 fortasse
869 1468 987 1522 gestu
1039 1469 1221 1521 nutuque
1275 1465 1512 1521 explicanda
1559 1468 1661 1508 est:-
1741 1465 2030 1509 Desideramus
2082 1481 2201 1521 porro
2253 1467 2451 1522 exempla,
2505 1481 2610 1522 quae

285 1538 497 1582 Graecum
530 1554 757 1582 sermonem
805 1540 855 1582 ab
902 1539 977 1582 hac
1011 1539 1144 1594 ellipsi
1194 1554 1271 1582 non
1303 1539 1518 1582 abhorrere
1565 1537 1722 1582 docent.
1784 1539 1922 1582 locum
1964 1553 2105 1582 sanare
2135 1540 2315 1595 Toupius
2347 1540 2389 1584 in
2420 1540 2607 1584 animad-

290 1611 543 1655 versionibus
591 1612 632 1654 in
680 1612 834 1655 scholia
881 1612 1121 1655 Theocritea
1168 1612 1246 1663 (ed.
1282 1612 1415 1655 Berol.
1457 1614 1570 1654 1810
1619 1612 1659 1656 II
1697 1626 1735 1667 p.
1770 1613 1874 1667 502)
1937 1614 2104 1656 conatus
2150 1614 2222 1664 est,
2270 1612 2340 1669 qui
2388 1612 2459 1655 τὰν
2506 1612 2607 1656 κύνα

284 1685 466 1741 scripsit,
521 1685 630 1742 quod
662 1686 842 1728 ὑλακτεῖν
876 1686 944 1745 τὴν
975 1684 1075 1726 κύνα
1106 1685 1216 1727 1(16111
1248 1687 1353 1728 63361
1383 1687 1505 1742 atque
1527 1686 1550 1744 ἦ
1572 1684 1681 1727 κύων
1704 1686 1875 1732 ὑλακτεῖ.
1907 1699 2036 1743 neque
2058 1685 2251 1742 exemplis
2288 1685 2394 1728 hunc
2417 1686 2610 1729 infinitivi

269 1770 408 1816 xusum
455 1758 655 1813 probavit.
745 1758 847 1801 salso
895 1760 1103 1814 praeterea
1149 1771 1184 1801 v.
1235 1760 1330 1812 σῖγα
1376 1760 1417 1801 et
1462 1759 1642 1800 ὑλακτεῖν
1687 1758 2001 1814 coniunguntur,
2050 1771 2144 1802 nam
2182 1759 2303 1810 631113,
2354 1759 2424 1814 qui
2468 1759 2608 1811 latrat,

284 1832 422 1873 tacere
453 1843 532 1873 non
565 1832 713 1886 potest.
787 1830 908 1873 huius
939 1830 1125 1873 lectionis
1157 1830 1432 1874 defensoribus
1464 1831 1624 1874 reiectis
1656 1830 1707 1873 ad
1729 1830 1902 1873 alteram
1931 1843 2035 1874 nunc
2057 1843 2296 1888 pergamus:
2344 1832 2383 1872 οἱ
2415 1830 2462 1873 δὲ
2494 1845 2610 1889 προς-

290 1906 486 1952 τακτικῶς
513 1903 758 1953 ὑλάκτει,
775 1900 835 1944 “ἵν’
871 1898 925 1961 ᾗ·
947 1904 1015 1945 καὶ
1037 1904 1086 1962 τῇ
1113 1904 1201 1945 κυνὶ
1227 1902 1363 1946 εἶπεν.
1385 1938 1392 1946 .
1415 1938 1423 1945 .
1458 1903 1617 1959 aliquot
1638 1903 1761 1946 verba
1782 1902 1928 1946 desunt
1948 1914 2076 1959 neque
2108 1915 2154 1946 ex
2176 1903 2245 1955 613,
2280 1915 2382 1960 quae
2404 1903 2610 1959 Zieglerus

286 1976 405 2031 legit,
438 1976 601 2018 restitui
632 1977 824 2030 possunt:
878 1976 954 2019 hoc
984 1978 1122 2019 autem
1155 1978 1325 2025 constat,
1360 1976 1623 2018 scholiastam
1656 1976 1947 2030 imperativum
1978 1976 2137 2031 legisse,
2187 1988 2307 2031 quem
2337 1976 2610 2033 Kiesslingius

285 2047 512 2101 (Theocrit.
548 2060 586 2103 p.
627 2048 728 2103 196)
762 2047 975 2091 defendere
1006 2047 1188 2091 studuit:
1223 2050 1317 2102 σῖγα
1336 2048 1373 2090 (Γ
1410 2048 1596 2095 ..ὑλάκτει
1625 2058 1707 2089 νιν·
1742 2049 1809 2090 καὶ
1842 2048 1892 2106 τᾷ
1908 2047 1997 2090 κυνί
2023 2048 2049 2090 i.
2070 2059 2102 2090 e.
2138 2048 2305 2107 ἡσύχως
2334 2049 2383 2107 τᾷ
2413 2049 2500 2091 κυνὶ
2530 2048 2610 2091 ἐπι·

286 2121 428 2161 τάσσω
463 2135 473 2145 ·
507 2120 665 2162 ὑλάκτει
696 2136 766 2162 νιν.
814 2120 940 2163 6113111
972 2121 1071 2163 11366
1102 2120 1319 2174 explicatio
1352 2122 1461 2162 torta
1494 2121 1565 2170 est,
1601 2134 1694 2163 cum
1727 2120 1862 2170 verba,
1897 2132 2000 2175 quae
2031 2120 2328 2176 coniungantur
2358 2134 2516 2164 11666336
2535 2122 2608 2172 631,

286 2192 444 2234 mirum
478 2192 519 2234 in
552 2193 722 2235 modum
769 2193 946 2236 diremta
977 2194 1060 2236 sint
1091 2206 1219 2249 neque
1251 2193 1337 2234 sine
1370 2192 1518 2247 ellipsi.
1568 2206 1671 2248 quae
1702 2193 1778 2235 1106
1810 2193 1898 2235 1060
1931 2192 2185 2248 ineptissima
2216 2195 2289 2245 est,
2338 2194 2611 2250 grammatica

283 2265 511 2307 sententiae
542 2267 749 2309 structura
780 2265 974 2320 explicari
1006 2265 1145 2320 possit.
1211 2264 1321 2307 idem
1370 2265 1477 2307 valet
1507 2264 1556 2307 de
1588 2264 1803 2307 Fritzschii
1835 2264 2065 2308 coniectura
2095 2265 2138 2307 in
2183 2265 2395 2320 proecdosi
2425 2266 2608 2321 prolata:

285 2338 404 2383 σίττα
437 2341 475 2382 δ’
512 2340 721 2390 ,ῥλακτεῖν
752 2351 834 2382 var·
868 2340 936 2381 καὶ
969 2340 1019 2397 τᾷ
1050 2338 1161 2381 κυνὶε
1207 2337 1320 2389 ksch,
1355 2338 1468 2387 ksch,
1502 2338 1608 2381 116116
1640 2338 1697 2380 316
1729 2340 1801 2381 an!
1846 2351 1889 2381 so
1921 2338 2065 2382 mache
2096 2338 2166 2382 ich
2198 2352 2239 2382 63
2270 2352 2319 2382 zu
2351 2338 2444 2382 dem
2475 2338 2611 2383 hunde

290 2412 386 2455 hin!
443 2413 658 2468 plerosque
689 2412 929 2467 interpretes
962 2411 1004 2453 in
1037 2411 1317 2453 emendatione
1349 2410 1592 2461 Ruhnkenii,
1634 2410 1703 2466 qui
1734 2410 1815 2452 levi
1847 2410 2013 2466 quidem
2044 2411 2270 2453 mutatione
2301 2410 2392 2460 σι’ξα
2424 2412 2462 2452 δ’
2496 2411 2610 2453 ὑλακ-

291 2488 372 2527 τεῖν
402 2486 470 2527 καὶ
503 2486 553 2543 τᾷ
585 2484 674 2526 κυνί
700 2484 875 2540 scripsit,
922 2484 1171 2540 acquievisse
1208 2484 1345 2525 miror.
1427 2496 1521 2525 nam
1553 2486 1762 2526 contextus
1803 2483 1997 2526 orationis
2042 2484 2147 2526 hanc
2185 2484 2431 2527 locutionem
2463 2484 2609 2527 falsam

284 2571 375 2600 6336
407 2558 674 2607 demonstrat,
724 2571 817 2599 cum
851 2560 892 2600 et
922 2558 963 2599 in
994 2556 1329 2611 praecedentibus
1376 2557 1558 2599 versibus
1605 2556 1808 2611 praesenti
1853 2558 2037 2611 tempore
2069 2556 2345 2612 Polyphemus
2391 2558 2533 2600 utatur
2569 2558 2611 2600 et

285 2631 502 2684 sequentia
534 2630 755 2684 participia
804 2632 930 2671 ταῦτα
962 2629 1151 2684 ἐνορῶσα
1183 2629 1361 2670 maburti
1385 2646 1440 2684 με
1489 2643 1676 2682 praesens
1709 2628 1945 2683 efflagitent.
2002 2643 2038 2670 v.
2074 2644 2191 2682 σιγας
2219 2629 2283 2671 vel
2315 2646 2424 2683 σιγα,
2455 2630 2497 2672 111
2529 2643 2610 2684 quo

285 2715 429 2745 omnes
462 2702 703 2757 interpretes
734 2702 965 2751 haerebant,
998 2700 1102 2744 mihi
1125 2714 1171 2743 ex
1203 2701 1313 2744 σίττα
1336 2703 1573 2756 corruptum
1597 2700 1819 2756 eodemque
1839 2701 1962 2744 verba
1983 2700 2129 2744 scholii
2160 2700 2296 2760 ἡρέμα
2328 2700 2611 2759 ὑποῴιϋυρὶζει

284 2776 357 2817 καὶ
391 2775 438 2834 τῇ
471 2773 561 2817 κυνί
585 2776 769 2831 spectare
800 2764 1001 2817 vident-ur.
1066 2773 1203 2830 itaque
1251 2775 1397 2830 quarta
1444 2774 1556 2817 varia
1587 2773 1760 2817 lectione
1792 2788 1936 2829 σιγας.
1963 2808 1971 2816 .
2005 2772 2115 2816 κύων
2146 2790 2202 2816 νιν
2234 2774 2397 2817 ὑλακτεῖ
2423 2773 2611 2817 adhibita

289 2848 448 2891 scribo:
504 2848 630 2895 σίττα.
661 2847 784 2896 κύων,
831 2862 888 2888 νιν
920 2847 1091 2893 ὑλάκτει,
1126 2847 1295 2888 ὑλάκτει.
1357 2847 1493 2889 subito
1526 2847 1803 2903 Polyphemus
1836 2847 2061 2889 orationem
2092 2859 2209 2890 suam
2241 2847 2515 2902 interrumpit,
2563 2848 2612 2889 ut

288 2920 492 2962 sibilando
525 2933 668 2963 canem
700 2920 743 2962 in
776 2918 1006 2969 Galateam,
1056 2931 1178 2974 quam
1212 2931 1257 2960 ex
1289 2919 1392 2961 mari
1425 2919 1706 2974 provolantem
1738 2921 1858 2974 poeta
1889 2919 2021 2975 fingit,
2056 2919 2269 2971 immittat,
2316 2919 2359 2961 id
2391 2931 2526 2975 agens,
2560 2921 2609 2962 ut

285 3006 531 3050 quacunque
577 2994 708 3049 possit
753 2993 910 3037 ratione
958 2992 1196 3045 simulatum
1243 3004 1362 3034 suum
1411 2992 1549 3034 odium
1582 2992 1618 3034 ei
1649 2992 1839 3035 declaret.
1904 2992 1953 3035 de
1985 2992 2132 3035 iterato
2163 2993 2285 3035 verbo
2317 2992 2366 3035 cf.
2401 2993 2516 3045 VIII,
2552 2994 2608 3035 69

285 3065 405 3109 σίττα
438 3066 631 3124 νέμεσθε,
664 3065 855 3124 νέμεσθε.

510 3140 604 3190 VII,
639 3141 709 3181 46.
764 3137 822 3181 ”H
847 3140 892 3180 τὸ
920 3137 1003 3195 Ὠρ
1020 3153 1042 3177 ο
1056 3153 1089 3194 μ
1107 3138 1128 3179 ε’
1144 3138 1172 3179 ὃ
1186 3153 1221 3178 ω
1240 3152 1259 3177 ν
1305 3139 1510 3194 nocifera:
1560 3137 1596 3177 [ι’
1608 3138 1630 3178 ὑ
1642 3153 1673 3195 ρ
1693 3153 1714 3179 υ
1728 3154 1760 3194 μ
1777 3138 1799 3179 ε’
1815 3138 1842 3178 ὃ
1856 3154 1892 3179 ω
1911 3153 1944 3179 ν.

509 3212 689 3254 Multam
716 3211 812 3254 huic
842 3211 933 3253 1060
964 3222 1130 3266 operam
1162 3211 1360 3252 navarunt
1391 3208 1468 3251 viri
1500 3208 1610 3251 docti
1641 3210 1764 3252 verba
1795 3210 1923 3267 δόμον
1938 3209 2226 3269 Ὠρομέδοντος
2253 3210 2507 3266 explicaturi,
2540 3209 2610 3252 sed

291 3284 373 3327 fere
406 3296 544 3326 omnes
575 3296 721 3326 nomen
752 3283 943 3335 hominis,
978 3282 1100 3339 quod,
1135 3283 1220 3324 sive
1249 3281 1480 3339 Ὡρορέὸων
1509 3282 1593 3323 sive
1626 3282 1878 3340 Εὐρυμέδων
1909 3283 2114 3335 scribitur,
2153 3283 2320 3326 tolerari
2350 3296 2429 3326 non
2460 3283 2607 3338 potest,

286 3356 400 3399 hunc
430 3357 472 3399 in
502 3357 640 3399 locum
672 3356 871 3412 quadrare
916 3356 995 3398 sibi
1027 3356 1324 3411 persuaserunt.
1389 3354 1460 3396 alii
1493 3354 1808 3397 Oromcdontem
1853 3357 2036 3398 montem
2081 3355 2123 3398 in·
2152 3356 2286 3398 insula
2317 3355 2372 3398 Co
2403 3355 2526 3397 fuisse
2558 3355 2611 3397 ab
