2920 3741
1414 223 1439 262 6

266 380 308 421 p.
346 368 466 416 416),
517 365 625 420 quod
657 365 855 407 dialectus
901 367 1092 423 κερῶχος
1136 366 1326 419 postulet.
1390 365 1528 419 itaque
1558 363 1744 422 κεροοτὶς
1772 364 1948 419 scripsit,
1996 377 2121 418 quam
2166 376 2308 406 vocem
2349 366 2594 419 comparato

266 439 472 494 Hesychio
492 437 703 495 (κερουτιᾷ
722 452 731 462 ·
755 437 925 494 γαυριᾷ)
944 438 985 478 et
1005 437 1281 492 Aristophane
1313 438 1455 492 (equit.
1485 440 1598 479 1343
1620 436 1853 495 ἐκερουτίας
1872 436 2118 491 exsultabas)
2144 436 2369 487 ‚,lascivas“
2394 436 2591 491 explicat.

267 513 472 569 κερηῦχυς
502 522 608 560 vero,
643 509 768 551 etiam
800 508 835 549 si
866 509 1110 567 κεραφόρος
1138 510 1400 566 significaret,
1433 510 1556 552 nimis
1586 509 1779 566 languide
1810 510 1914 552 esset
1943 509 2113 552 dictum.

485 582 557 631 VI,
593 585 632 623 2).
693 579 775 621 ‘213
792 580 883 622 ἴδε
933 581 1033 622 τὰν
1079 582 1142 622 κύ
1162 597 1251 623 νας
1308 583 1411 630 τινὲς
1434 584 1569 641 χωρὶς
1600 585 1669 623 τοῦ
1693 582 1754 630 δέ,
1786 581 2003 623 ἐπιτείνουσι
2035 581 2083 623 δὲ
2117 583 2161 623 τὸ
2195 598 2207 623 ι
2240 613 2251 630 ,
2283 581 2330 623 ἵν’
2355 579 2594 638 ἀντωνυμία

268 656 447 712 τυγχάνῃ
481 654 668 711 ceatur).

486 725 696 780 Spondeus
728 737 944 766 numerum
978 738 1115 767 versus
1148 726 1270 767 nimis
1303 726 1450 767 durum
1483 726 1629 775 reddit,
1664 738 1758 767 cum
1784 726 1953 768 celerior
1983 726 2168 782 rythmus
2190 726 2455 780 exspectetur,
2487 737 2586 766 nam

267 799 454 839 celeriter
477 798 697 854 Cyclopem
729 796 781 837 ad
813 796 1032 839 Galateam
1062 800 1243 853 spectare
1274 811 1431 839 necesse
1463 799 1535 847 est,
1569 798 1604 838 si
1637 810 1727 839 eam
1758 799 1868 841 mala
1899 799 2115 840 iacientem
2146 798 2282 840 videre
2313 798 2414 840 vult.
2462 809 2592 852 porro

266 884 362 912 cum
396 871 674 926 Polyphemus
707 882 798 909 eam
830 882 910 910 non
942 872 1069 919 curet,
1104 871 1262 911 animus
1295 870 1380 911 eius
1412 870 1681 911 advertendus
1714 872 1775 912 est
1807 870 1858 912 ad
1888 870 1931 911 id
1963 871 2071 924 quod
2103 870 2275 913 Galatea
2305 870 2415 920 facit,
2460 880 2589 923 quare

266 946 375 982 recte
408 943 602 982 scribitur
635 940 703 980 ἅδ’
746 940 822 986 ἴδε,
866 954 969 994 quae
1002 943 1125 982 verba
1157 942 1344 981 continue
1376 942 1529 995 scripta
1560 942 1731 989 librarii,
1771 954 1866 982 cum
1898 954 2061 982 sensum
2092 954 2170 983 non
2201 942 2508 997 perspexissent,
2541 940 2588 980 in

266 1014 339 1054 ἁὸί
368 1015 429 1056 δέ.
462 1017 552 1055 tnm
586 1014 682 1067 quia
715 1031 726 1053 ι
758 1013 910 1067 corripi
942 1026 1021 1054 non
1052 1015 1197 1068 potest,
1232 1014 1272 1054 in
1303 1012 1374 1053 ἁὸί
1400 1015 1624 1055 mutarunt.
1742 1008 1749 1015 ’

483 1087 555 1135 VI,
592 1088 660 1127 20.
729 1085 839 1126 Καὶ
888 1084 1008 1126 τάδ’
1063 1084 1288 1127 ἰιείὸεν.
1351 1086 1555 1142 γράφεται
1602 1086 1781 1127 καλὸν
1829 1084 2085 1127 ἀείδειν.
2132 1084 2355 1128 ἀείόεν.

481 1157 586 1209 Quia
617 1158 742 1199 verba
774 1170 877 1211 quae
909 1157 1128 1200 Damoetas
1161 1157 1309 1199 cecinit
1340 1157 1654 1211 subsequuntur,
1688 1159 1755 1199 καὶ
1787 1156 1876 1199 τάδ’
1913 1156 2048 1199 &sidau
2080 1157 2340 1200 scribendum
2363 1158 2434 1199 est.
2468 1156 2583 1200 varia

267 1230 389 1272 lectio
424 1243 469 1272 eo
502 1231 593 1272 orta
625 1231 699 1274 est.
735 1229 843 1282 quod
875 1229 1004 1271 lector
1035 1229 1202 1282 quidam
1234 1226 1454 1271 formulam
1487 1230 1603 1272 illam
1634 1230 1898 1272 Homericam
1930 1228 2108 1283 margini
2140 1229 2369 1284 adscripsit.

480 1303 552 1352 Vl,
587 1304 657 1343 37.
732 1303 845 1343 Τῶν
894 1302 957 1342 δέ
990 1303 1021 1342 τ’
1055 1302 1342 1342 ὀδόντων.
1404 1304 1607 1359 γράφεται
1639 1302 1687 1343 δὲ
1718 1304 1785 1343 καὶ
1834 1318 1893 1343 το
1910 1305 1962 1350 ἲς
2007 1301 2070 1343 δέ
2119 1303 2151 1343 τ’
2202 1302 2435 1343 ὀδοῦσι.

481 1376 585 1416 Cum
611 1375 782 1429 Cyclops
814 1388 855 1415 se
887 1375 927 1415 in
959 1375 1062 1415 mari
1084 1376 1279 1427 tanquam
1313 1375 1354 1415 in
1386 1377 1549 1429 speculo
1573 1376 1871 1429 contempletur
1901 1375 2017 1429 eique
2039 1374 2169 1429 igitur
2189 1388 2301 1416 mare
2327 1375 2585 1429 splendorem

263 1448 450 1489 (lentium
485 1448 684 1491 ostendat.
719 1448 831 1501 prior
862 1448 984 1488 lectio
1016 1446 1210 1488 servanda
1243 1449 1314 1488 est.

480 1521 574 1565 VH.
616 1524 679 1562 11.
754 1522 804 1561 Τὸ
839 1520 1136 1576 Ιίρασίλαε
1185 1522 1223 1560 οἱ
1257 1522 1338 1577 γὰρ
1372 1522 1604 1578 γράφοντες
1634 1521 1701 1561 διὰ
1735 1524 1805 1561 τοῦ
1838 1521 1865 1560 ὃ
1895 1522 2214 1578 ἁμαρτάνουσιν.

479 1593 573 1634 Non
604 1595 738 1634 solum
770 1593 977 1636 Brasidae.
1027 1593 1097 1632 sed
1143 1593 1268 1633 etiam
1302 1594 1484 1633 Brasilae
1517 1606 1661 1633 nomen
1694 1594 1923 1633 Meinekius
1953 1607 1992 1647 p.
2029 1596 2113 1635 249
2162 1595 2281 1635 reicit
2327 1593 2591 1643 contendens,

262 1668 296 1708 si
330 1667 524 1708 Brasidas
557 1666 734 1719 primam
767 1665 967 1718 producat
1000 1665 1067 1718 (cf.
1102 1664 1313 1719 Aristoph.
1348 1667 1383 1706 V
1389 1679 1470 1719 esp.
1497 1668 1583 1705 472
1618 1667 1658 1706 et
1689 1666 1786 1706 Pac.
1818 1666 1926 1719 539)
1959 1666 2083 1707 etiam
2114 1666 2319 1707 Brasilam
2349 1665 2587 1720 producere,

260 1741 311 1781 ab
350 1739 492 1780 eodem
525 1738 629 1780 illud
662 1738 772 1779 fonte
804 1738 1081 1792 repetendum.
1138 1740 1180 1778 at
1213 1737 1376 1779 Curtius
1408 1738 1560 1792 griech.
1587 1738 1746 1793 Etym.1
1778 1739 1820 1779 II
1852 1752 1890 1792 p.
1931 1741 2010 1779 161
2046 1737 2258 1795 Βρασίδας
2286 1752 2310 1780 a
2340 1738 2468 1792 stirpe
2496 1738 2592 1794 βρα

261 1812 475 1867 (fimi-aaa,
506 1811 671 1866 βρά-ζω
705 1809 874 1859 sieden),
919 1809 1129 1866 Βρασίδας
1157 1812 1294 1851 autem
1328 1825 1352 1852 a
1384 1811 1511 1864 stirpe
1541 1810 1654 1866 βρατ
1684 1811 1771 1863 (lat.
1806 1812 1912 1864 vert)
1950 1810 2119 1852 derivat.
2183 1802 2321 1863 itaque
2353 1823 2474 1851 causa
2504 1823 2589 1851 non

260 1886 332 1926 est.
368 1897 440 1925 cur
472 1882 745 1936 quantitatem
778 1882 935 1941 primae
967 1882 1008 1923 in
1042 1881 1249 1938 Ιῄοασίλας
1277 1883 1458 1937 syllabae
1490 1884 1531 1925 in
1563 1882 1835 1938 suspicionem
1866 1895 2066 1925 vocemus.

476 1955 570 2000 VII,
612 1956 675 1996 18.
742 1954 1025 2012 Ζωστῆρι
1072 1954 1397 2011 πλακερῴε
1463 1957 1666 2012 γράφεται
1713 1954 2019 2011 πλοκερςιῖ.

477 2027 595 2069 Falso
629 2027 669 2069 in
703 2027 857 2069 scholio
890 2026 1041 2068 codicis
1063 2040 1089 2080 p
1113 2027 1317 2083 πλαιερύς
1347 2041 1369 2069 a
1401 2028 1534 2069 πλέκω
1567 2027 1786 2075 derivatur,
1820 2027 2008 2069 cohaeret
2040 2040 2134 2069 cum
2166 2041 2201 2069 v.
2223 2027 2327 2074 πλάξ
2354 2026 2586 2081 significat-

258 2112 335 2152 que
372 2099 558 2142 „latum”
594 2098 807 2154 cingulum
840 2111 966 2152 neque
998 2111 1249 2152 quamquam
1282 2112 1360 2141 non
1393 2099 1471 2141 nisi
1503 2099 1579 2141 hoc
1611 2099 1700 2141 loco
1730 2099 1944 2154 reperitur,
1995 2111 2070 2141 vox
2108 2099 2216 2141 recte
2247 2097 2424 2141 formata
2460 2097 2585 2140 reici—

257 2171 358 2214 enda
391 2174 462 2214 est.
526 2171 559 2214 si
592 2171 786 2215 scribitur
818 2172 1013 2230 πληκερῷ
1026 2205 1036 2221 ,
1067 2170 1298 2223 materiam,
1332 2185 1377 2214 ex
1411 2186 1490 2227 qua
1521 2172 1732 2227 cingulum
1762 2172 1926 2227 plexum
1957 2172 2029 2224 est,
2063 2170 2351 2215 desideramus.

476 2245 567 2288 VII.
606 2247 672 2286 73.
747 2245 812 2285 Ἰἰὶ
831 2259 851 2292 g
896 2244 966 2285 Ξε
987 2261 1006 2285 ν
1024 2244 1045 2286 ε’
1062 2261 1088 2285 α
1108 2259 1139 2292 ς.
1203 2246 1406 2300 γράφεται
1456 2262 1478 2286 τ
1492 2248 1517 2285 ἀ
1540 2260 1560 2292 ς
1604 2246 1629 2292 ξ
1643 2263 1669 2286 α
1688 2262 1706 2285 ν
1725 2244 1753 2285 ὃ
1770 2249 1797 2285 ἆ
1815 2260 1846 2293 ς.

479 2316 522 2359 Si
569 2317 706 2360 locum
754 2317 985 2360 accuratius
1034 2316 1348 2368 consideramus,
1398 2318 1531 2362 elucet
1579 2331 1723 2361 nomen
1756 2317 1952 2369 mulieris,
2003 2331 2126 2372 quam
2172 2316 2357 2371 Daphnis
2404 2315 2585 2371 peribat,

256 2389 479 2442 exspect-axi
514 2390 554 2431 et
586 2389 661 2431 hoc
696 2389 856 2431 nomine
889 2389 1045 2431 nullam
1078 2388 1203 2431 aliam
1236 2390 1458 2443 significari
1505 2403 1620 2443 posse
1652 2390 1729 2432 nisi
1760 2390 1983 2445 nympham
2030 2390 2081 2432 ab
2124 2390 2197 2431 illo
2230 2390 2422 2431 amatam.
2486 2402 2580 2430 nam

255 2465 547 2515 argumentum
581 2462 743 2503 fabulae
774 2464 860 2503 tam
892 2462 1032 2515 paucis
1065 2461 1199 2502 verbis
1233 2462 1308 2503 hoc
1339 2464 1427 2504 loco
1463 2465 1829 2504 commemoratum
1862 2477 1924 2504 res
1957 2465 2131 2512 tantum,
2182 2475 2284 2515 quae
2315 2462 2584 2516 gravissimae

253 2536 360 2582 sunt,
397 2534 592 2589 amplecti
625 2535 771 2588 potest,
818 2534 1022 2576 infelicem
1052 2534 1280 2588 Daphnidis
1314 2550 1409 2589 erga
1441 2536 1663 2591 nympham
1698 2550 1890 2578 amorem.
1956 2549 2079 2589 quare
2111 2533 2314 2577 reicienda
2345 2535 2439 2576 sunt
2469 2533 2582 2576 viro-

253 2621 346 2649 rum
379 2606 594 2650 doctorum
627 2608 870 2657 commenta,
919 2606 989 2660 qui
1038 2620 1131 2649 cum
1165 2605 1319 2656 Ξενέας
1362 2608 1610 2651 adiectivum
1650 2622 1734 2651 esse
1765 2608 2063 2658 contenderent,
2112 2609 2160 2650 ut
2192 2606 2234 2649 C.
2269 2607 2335 2649 Fr.
2369 2606 2584 2649 Hermann·

254 2679 321 2729 (de
338 2679 555 2734 Daphnide
589 2694 626 2733 p.
648 2682 707 2728 (ἰ).
743 2678 862 2732 plane
895 2693 1041 2721 novam
1059 2678 1266 2733 fingebant
1298 2680 1503 2723 fabulam:
1538 2681 1739 2731 Puellam,
1774 2695 1897 2735 quam
1929 2681 2081 2723 frustra
2101 2680 2286 2734 Daphnis
2318 2693 2390 2734 per
2419 2680 2580 2721 montes

252 2752 456 2806 silvasque
504 2752 782 2806 quaesivisset.
833 2751 1091 2806 peregrinam
1124 2751 1162 2794 h.
1189 2766 1220 2794 e.
1257 2752 1507 2807 incognitam
1541 2754 1663 2796 fuisse
1696 2757 1737 2797 et
1768 2754 1937 2796 fortuito
1970 2753 2165 2807 adspectu
2197 2753 2390 2795 oblatam.
2459 2766 2581 2806 prae-

251 2826 360 2868 terea
402 2827 509 2868 recte
544 2823 771 2868 Meinekius
803 2839 841 2879 p.
880 2825 964 2866 255
998 2824 1171 2870 monuit.
1222 2825 1476 2880 peregrinam
1509 2827 1542 2870 si
1575 2826 1754 2871 indicare
1785 2826 1980 2870 voluisset
2012 2827 2145 2881 poeta,
2194 2839 2273 2869 non
2305 2823 2578 2868 dubitandum

251 2911 347 2942 esse.
383 2897 481 2953 quin
516 2897 659 2941 tritam
693 2897 810 2941 illam
842 2896 1017 2940 fomlam
1049 2895 1183 2946 ξείνας
1212 2897 1473 2952 probavisset.
1525 2912 1649 2954 quare
1681 2898 2022 2954 acquiescendum
2054 2899 2115 2942 est
2145 2897 2187 2941 in
2210 2897 2384 2942 lectione
2409 2895 2581 2947 Ξενέας,

250 2970 359 3025 quod
392 2983 537 3013 nomen
571 2971 773 3026 nymphae
807 2983 829 3013 a
862 2969 1078 3024 Daphnide
1112 2972 1271 3013 amatae
1304 2984 1387 3013 esse
1420 2984 1513 3014 cum
1546 2973 1765 3016 scholiasta
1781 2976 1813 3026 3)
1848 2972 2080 3016 statuimus.

469 3043 561 3087 Vll.
604 3044 697 3085 111.
773 3042 832 3085 Te
853 3042 1215 3100 τραμμένος.
1264 3058 1329 3100 γρ.
1361 3044 1734 3101 κεκλιμένος.

467 3115 613 3158 (ilossa
646 3116 824 3172 margini
857 3116 1078 3171 adscripta,
1130 3128 1253 3170 quam
1288 3116 1420 3158 versui
1453 3117 1624 3160 inserere
1672 3120 1850 3161 metrum
1884 3130 1961 3161 non
1993 3116 2192 3168 admittit,
2241 3129 2264 3159 a
2295 3116 2464 3160 librario
2510 3116 2578 3160 vel

246 3182 518 3244 grammatico
552 3188 730 3243 quodam
763 3201 835 3245 pro
868 3188 982 3231 varia
1015 3188 1188 3231 lectione
1221 3188 1362 3231 habita
1395 3201 1478 3230 esse
1512 3189 1683 3233 videtur.

466 3336 501 3383 3)
523 3345 527 3348 ·
552 3334 576 3375 f.
614 3333 797 3376 scholion
829 3334 861 3385 I,
897 3335 951 3375 (35
987 3333 1145 3382 Ξενέας
1177 3348 1187 3357 ·
1221 3332 1307 3375 ἔστι
1339 3333 1386 3375 δὲ
1420 3333 1549 3391 ὄνομα
1583 3334 1763 3393 .1’ύμᾳης.
