3066 3741
0 0 176 45 Ἥρη-11
282 18 285 19 .

0 25 136 70 {azur
205 27 210 30 '

3 73 8 101 ἶ
51 104 56 109 .

1441 207 1493 252 13

527 352 667 396 Etiam
697 366 722 396 a
749 352 958 396 lemmatis
989 353 1153 406 scholiis
1184 353 1383 407 praefixis,
1423 367 1672 409 quamquam
1703 354 1751 395 ut
1781 350 2085 405 discrepantias.
2132 364 2236 406 quae
2267 352 2383 406 parvi
2413 353 2612 395 momenti

309 427 418 479 sunt,
451 424 792 482 praetermittam,
824 424 1027 481 plerisque
1056 425 1157 468 locis
1188 439 1283 468 cum
1313 425 1446 469 verbis
1476 428 1618 482 poetae
1648 426 1888 482 congruunt,
1927 423 2177 479 praesidium
2207 426 2341 467 textus
2373 425 2613 468 emendandi

310 497 534 555 petendum
563 509 648 541 esse
676 497 776 541 haec
807 498 992 553 exempla
1022 497 1190 542 docent:
1243 498 1336 550 VII,
1374 501 1456 542 116
1508 500 1698 542 Οἷκεῢντα
1729 498 1823 549 VII,
1863 494 1944 540 147
1992 498 2185 547 ἑπτάενες
2218 497 2292 548 XI,
2326 499 2382 539 4⁴2
2415 497 2612 555 α’φὶκευσο

311 571 448 623 XVII,
486 570 567 613 121
596 572 752 626 μοῦνος
781 570 829 613 δὲ
861 570 1076 629 προτέρων
1106 570 1173 626 (cf.
1207 570 1419 623 Bficheler,
1452 572 1530 614 Rh.
1564 572 1620 614 M.
1655 571 1787 615 XXX.
1822 584 1860 625 p.
1897 571 1984 624 61).

529 712 683 767 Quodsi
728 714 980 769 quaerimus,
1033 715 1132 770 quid
1177 714 1313 758 variae
1357 715 1548 758 lectiones
1600 716 1652 759 ad
1696 714 1983 758 illustrandam
2035 715 2263 758 carminum
2315 715 2613 757 scholiorumve

311 787 528 830 historiam
558 787 732 839 valeant,
781 788 941 842 partem
972 800 1113 829 earum
1143 786 1237 829 inde
1268 786 1318 829 ab
1349 787 1422 829 illo
1453 788 1635 842 tempore
1666 788 1863 843 originem
1896 787 2056 829 duxisse
2089 789 2270 842 apparet,
2305 799 2384 841 quo
2416 788 2615 830 vocabula.

312 872 392 903 non
422 858 789 915 distinguebantur,
827 858 899 901 sed
929 859 1119 902 continuo
1150 858 1290 902 ordine
1324 858 1473 901 litteris
1503 859 1737 902 maiusculis
1772 860 2063 902 scribebantur.
2125 859 2192 915 (cf.
2226 860 2258 912 I,
2298 860 2393 902 128.
2456 859 2507 911 V,
2543 860 2612 911 22,

314 933 385 984 25,
422 932 518 974 102.
582 931 654 983 VI,
688 933 727 974 9.
788 932 883 985 VII,
909 933 1016 974 125.
1079 931 1195 983 VIII,
1230 932 1299 974 86.
1362 931 1413 981 Χ,
1449 931 1536 986 38.)
1598 932 1718 974 Viros
1764 944 1924 986 quoque
1970 931 2110 975 doctos
2155 932 2240 974 iam
2285 932 2329 974 in
2369 932 2615 986 antiquitate

311 1004 483 1056 textum,
522 1015 644 1057 quem
674 1003 876 1046 traditum
906 1005 1156 1058 acceperant,
1201 1004 1378 1046 tentasse
1407 1004 1522 1046 testis
1561 1005 1620 1046 est
1651 1004 1880 1053 scholiasta,
1916 1004 1985 1057 qui
2018 1004 2176 1058 saepius
2208 1003 2387 1046 diversas
2418 1003 2613 1046 lectiones

284 1095 286 1098 ¹
314 1077 365 1120 ab
396 1076 453 1119 eis
484 1076 541 1131 (οἱ
568 1074 733 1132 μὲν·ιὴ
765 1075 827 1125 δέ,
861 1075 975 1131 τινές)
1008 1075 1239 1131 propositas
1271 1077 1561 1119 commemorat
1594 1075 1660 1129 (cf.
1694 1075 1727 1126 I,
1765 1077 1858 1119 128.
1914 1076 1985 1122 IV.
2020 1077 2088 1119 20.
2152 1075 2202 1127 V,
2242 1077 2337 1119 102.
2391 1076 2507 1127 VIII,
2543 1078 2612 1119 86.

312 1150 365 1203 X,
400 1150 469 1194 38.
517 1148 634 1200 XIII,
673 1149 758 1204 15),
790 1161 1079 1205 nonnunquam
1108 1160 1261 1192 errores
1291 1149 1343 1192 ab
1374 1148 1431 1191 eis
1462 1148 1696 1192 commissos
1728 1149 1902 1206 castigat
1933 1149 1999 1203 (cf.
2034 1150 2065 1200 Ι,
2092 1151 2160 1192 57.
2210 1150 2281 1201 IV,
2309 1151 2346 1191 7.
2405 1149 2499 1200 VH,
2529 1151 2613 1204 11),

314 1223 378 1266 bis
408 1223 593 1265 auctores
625 1220 944 1276 discrepantium
978 1221 1200 1264 lectionum
1231 1221 1426 1273 nominat,
1474 1220 1725 1264 Nicandrum
1759 1221 1809 1264 ad
1838 1221 1888 1273 X,
1925 1224 1993 1273 38,
2040 1221 2327 1277 Asclepiadem
2358 1222 2616 1278 Myrleanum

314 1295 368 1338 ad
398 1295 449 1348 V,
485 1296 555 1347 99,
590 1294 661 1350 qui
691 1294 825 1350 primo
855 1295 948 1337 ante
979 1293 1187 1337 Christum
1219 1295 1362 1337 natum
1392 1294 1551 1337 saeculo
1581 1293 1729 1337 floruit.
1792 1294 1840 1337 cf.
1875 1294 2032 1337 Ahrens
2064 1295 2118 1346 II,
2152 1308 2191 1350 p.
2225 1294 2399 1338 XXVII.
2460 1295 2617 1338 Mirmn

316 1369 455 1411 autem
486 1368 559 1419 est,
593 1366 703 1427 quod
732 1381 769 1410 v.
803 1367 830 1410 l.
865 1366 1028 1424 Δύβρις,
1058 1379 1160 1422 quae
1190 1366 1232 1409 in
1263 1366 1427 1409 scholiis
1458 1365 1651 1422 Calliergi
1681 1366 1914 1421 Asclepiadi
1944 1367 2154 1418 tribuitur,
2196 1366 2321 1410 codex
2352 1368 2378 1410 k
2409 1367 2452 1410 in
2483 1367 2617 1410 verbis

313 1441 457 1495 poetae
486 1439 665 1494 praebet.
719 1452 843 1495 quare
866 1439 1013 1481 dixerit
1035 1439 1137 1494 quis,
1170 1438 1352 1481 codicem
1382 1438 1409 1480 k
1439 1440 1608 1489 textum,
1643 1452 1761 1494 quem
1784 1439 2043 1493 Asclepiades
2074 1440 2307 1496 Myrleanus
2339 1439 2615 1490 recensuisset,

316 1512 525 1564 exhibere3
573 1511 643 1553 sed
675 1524 767 1553 cum
799 1511 939 1562 altera,
971 1511 1085 1554 cuius
1117 1512 1258 1553 auctor
1286 1510 1549 1565 Asclepiades
1579 1511 1718 1562 fertur,
1750 1511 1872 1553 lectio
1904 1511 1971 1565 (V,
2009 1514 2061 1553 79
2097 1510 2357 1567 ὁμομαλίδες)
2406 1512 2448 1553 in
2479 1511 2505 1553 k
2537 1523 2617 1553 non

315 1584 554 1639 reperiatur,
602 1583 688 1625 veri
718 1583 893 1625 similius
924 1584 987 1626 est
1030 1583 1247 1625 librarium
1294 1582 1449 1625 scholio
1480 1583 1662 1637 respecto
1692 1596 1832 1625 vocem
1876 1583 1918 1625 in
1950 1596 2111 1626 versum
2156 1583 2354 1625 intulisse.
2417 1585 2511 1625 utut
2542 1584 2616 1634 est,

314 1657 393 1700 hoc
424 1656 595 1709 constat,
643 1655 905 1699 scholiastam
935 1654 1092 1698 duabus
1137 1656 1245 1698 certe
1274 1654 1572 1698 recensionibus
1618 1655 1845 1698 carminum
1874 1668 1994 1698 usum
2023 1667 2118 1707 esse,
2166 1668 2340 1711 quarum
2373 1655 2545 1699 alteram
2576 1655 2619 1699 in

315 1728 454 1771 codice
484 1728 512 1770 k
541 1727 741 1770 traditam
772 1727 1015 1783 accepimus,
1058 1739 1307 1784 quamquam
1338 1739 1418 1770 non
1449 1726 1595 1770 desunt
1624 1727 1819 1783 exempla,
1867 1740 1967 1784 quae
1999 1727 2274 1771 scholiastam·
2291 1729 2449 1770 textum
2481 1739 2619 1770 emen-

317 1801 517 1844 datiorem
561 1812 684 1857 quam
730 1800 851 1842 huius
896 1800 1046 1843 codicis
1089 1800 1132 1842 in
1174 1800 1365 1843 manibus
1409 1800 1598 1843 habuisse
1629 1799 1903 1843 demonstrent
1949 1800 2015 1856 (cf.
2050 1814 2089 1856 p.
2128 1801 2211 1855 12).
2280 1800 2447 1843 alterius
2479 1812 2619 1843 recen-

314 1874 441 1917 sionis
472 1873 654 1916 codicem
684 1873 939 1928 primarium.
986 1874 1021 1915 si
1051 1885 1131 1915 non
1161 1885 1311 1925 omnes,
1360 1874 1404 1915 at
1433 1871 1694 1929 gravissimas
1723 1872 1927 1925 lectiones,
1972 1886 2073 1929 quae
2104 1874 2155 1916 ab
2187 1873 2405 1916 scholiasta
2436 1884 2620 1916 comme-

316 1947 540 1998 morantur,
573 1946 763 1997 continet,
795 1945 1026 1988 Mediceum
1056 1959 1104 1988 nr
1136 1947 1191 1988 37
1226 1946 1282 2001 (p.
1316 1945 1525 2000 Ahrensii)
1559 1958 1642 1988 esse
1673 1946 1773 1988 haec
1803 1946 1945 1988 tabula
1975 1945 2102 1988 docet.

1558 2054 1707 2097 Variae
1743 2054 1935 2096 lectiones
1976 2054 2027 2096 ab
2058 2054 2276 2097 scholiasta
2308 2067 2421 2096 com-

680 2091 891 2133 Lecnones
921 2090 1071 2133 ⁰⁰d¹⁰¹s
1101 2090 1139 2132 k·
1629 2115 1890 2166 memoratae,
1925 2127 2027 2169 quae
2058 2113 2099 2156 in
2130 2128 2156 2169 p
2189 2115 2356 2157 exstant.

615 2198 649 2251 I,
683 2199 737 2241 41
772 2214 829 2241 τω
859 2202 1051 2257 καρτερῶ
1690 2201 1748 2241 τῶ
1779 2198 1984 2256 καρτερόν

681 2261 737 2301 56
770 2259 973 2301 αἷπολικόν
1688 2258 1863 2301 αἷολικήν
1895 2260 1950 2313 (Ρ)

683 2320 737 2360 72
772 2317 943 2361 ἔκλαυσε
1688 2318 1739 2360 ἂν
1770 2317 1943 2360 ἔκλαυσε

655 2381 738 2421 118
772 2378 974 2436 Δύβριδας
1695 2378 1901 2434 Θύβριδος

600 2439 651 2491 V,
686 2440 740 2480 22
772 2437 961 2497 κατείπῃς
1689 2437 1885 2495 κιὶπείπῃς

683 2500 739 2541 25
770 2497 950 2540 κίναδέὖ
1686 2497 1850 2539 κιναὸεῦ

682 2559 738 2601 93
771 2558 968 2615 φυλάσσει
1689 2556 1858 2613 πεφύκει

656 2619 738 2660 118
769 2618 846 2659 ὅκα
872 2617 957 2673 μὰν
989 2616 1096 2659 vetos
1130 2615 1174 2658 τὺ
1689 2616 1790 2658 ὅκκα
1816 2617 1899 2672 μάν
1931 2631 2034 2657 ποκα
2067 2615 2213 2669 (τεῖνὸὲ
2248 2614 2309 2670 τὸ)

657 2679 739 2721 143
772 2677 858 2719 ὧδέ
889 2678 976 2719 ποκ’
1690 2676 1774 2718 ὅττι
1805 2677 1893 2718 πύκ’

581 2739 654 2790 VI,
719 2740 744 2781 9
779 2736 896 2780 α’ὃὶὂε
927 2751 951 2780 a
981 2751 1041 2793 pr.
1076 2737 1142 2778 ἅδ’
1178 2734 1240 2778 ἴδε
1272 2751 1296 2780 a
1322 2751 1399 2780 sec.
1692 2736 1763 2777 (2δί

688 2800 739 2841 16
775 2801 823 2841 τᾶ
853 2801 1017 2854 καπυρᾶ
1042 2796 1166 2856 χαίτα
1692 2798 1756 2838 ταὶ
1785 2798 1964 2853 >can-upa}
1988 2798 2126 2854 χαῖται

684 2860 741 2902 20
772 2859 840 2901 καὶ
871 2858 959 2901 τάδ’
993 2856 1129 2900 ἄειδεν
1691 2857 1812 2898 καλὸν
1843 2855 1977 2898 ἀείὸεν

684 2920 738 2962 29
773 2921 866 2974 σιγᾶ
896 2918 1059 2961 omne?
1084 2919 1151 2960 καὶ
1183 2918 1231 2961 τὰ
1262 2930 1286 2961 a
1315 2931 1375 2973 pr.
1691 2912 1786 2972 σιγᾶ
1818 2917 1995 2959 ὑλακτεῖν
2024 2917 2091 2957 καὶ
2124 2912 2173 2974 τᾷ

776 3017 873 3070 σῖγά
902 3016 1062 3057 ὑλακτεῖ
1082 2995 1138 3021 νιν
1153 3016 1219 3056 καὶ
1250 3017 1298 3055 τᾶ
1328 3026 1351 3055 a
1382 3025 1457 3055 sec.

541 3074 637 3125 VII,
662 3076 743 3115 112
778 3075 1052 3131 τετραμμένος
1690 3072 1918 3126 κεκλιμένος

659 3134 740 3176 125
776 3130 922 3177 Μόλων
1687 3132 1828 3187 pamm
1861 3132 1875 3184 (
1892 3133 1911 3141 ⁹
1937 3144 1960 3172 a
1991 3131 2088 3185 sec.)

566 3192 656 3247 (XI,
690 3194 746 3236 42
780 3193 926 3252 ἀφίκευ
960 3194 1004 3237 τό
1692 3190 1934 3248 ἀμφίκευσο)

584 3253 657 3303 XI,
692 3255 748 3296 43
781 3253 979 3312 ὀρεχθεῖν
1694 3250 1886 3308 ἐρεχὸεῐν

545 3312 660 3368 (XV,
699 3314 779 3357 101
814 3311 966 3373 ἔρυκαν
1697 3310 1841 3368 ἑρυκα)
