2891 3712
270 1250 427 1334 Valde
457 1278 676 1322 dolendum
707 1279 779 1330 est,
813 1276 921 1331 quod
952 1289 1078 1331 usque
1110 1275 1162 1319 ad
1191 1276 1298 1319 1111116
1329 1276 1451 1328 diem,
1485 1289 1579 1319 cum
1610 1275 1767 1319 codices
1798 1277 1936 1332 paucis
1968 1277 2145 1333 exceptis
2177 1279 2364 1320 accurate
2390 1290 2469 1320 non
2490 1278 2575 1320 sint

271 1352 426 1404 collati,
472 1351 655 1394 omnium
685 1350 767 1393 fere
796 1350 1044 1392 scholiorum
1075 1348 1301 1391 editionum
1332 1349 1643 1392 fundamentum
1679 1351 1740 1392 est
1768 1350 1871 1392 liber
1901 1350 2119 1406 Calliergi:
2172 1349 2327 1408 Effilaea
2361 1350 2409 1392 τὰ
2439 1351 2573 1407 εὑρισ-

271 1425 425 1482 κόμενα
455 1424 516 1472 εἷς
545 1423 593 1465 τὰ
632 1420 848 1480 θεοκρίτου
894 1421 1070 1463 εἷὸύλλια
1111 1421 1157 1462 ἐκ
1188 1421 1404 1478 διαφόρων
1434 1422 1697 1478 ἀντιγράφων
1727 1421 1925 1477 ἐπςιιελῶς
1967 1423 2028 1470 εἷς
2069 1423 2203 1479 κοινὴν
2234 1422 2437 1478 ὠφέλειαν
2483 1423 2575 1463 συλ-

269 1497 472 1556 λεχθέντι(
503 1496 616 1552 παρὰ
649 1493 861 1551 Ζαχαρίου
896 1494 1144 1549 Ιὺιίλιέργου
1174 1495 1244 1533 τοῦ
1280 1494 1450 1550 Κρητός.
1487 1507 1567 1546 qua
1597 1494 1667 1535 ille
1696 1495 1850 1536 ratione
1880 1495 1922 1536 in
1953 1495 2119 1536 scholiis
2151 1494 2443 1536 constituendis
2475 1507 2571 1535 usus

271 1571 338 1619 311,
371 1581 621 1622 quamquam
642 1567 740 1608 satis
762 1566 938 1620 perspici
959 1579 1038 1607 non
1061 1566 1207 1618 potest,
1240 1567 1378 1607 tamen
1408 1567 1522 1622 quod
1555 1565 1611 1609 ad
1644 1566 1797 1609 varias
1829 1565 1992 1611 attinet
2022 1566 2257 1618 lectiones,
2291 1567 2571 1620 compluribus

270 1642 372 1683 locis
402 1639 605 1681 dubitatio
637 1639 779 1688 oritur,
825 1639 965 1680 utrum
998 1651 1097 1690 quas
1128 1637 1246 1679 affert
1274 1637 1467 1680 lectiones
1504 1652 1551 1681 ex
1581 1638 1745 1681 scholiis
1776 1638 1873 1691 ipsis
1903 1639 2072 1681 haustae
2118 1652 2170 1681 an
2201 1651 2249 1680 ex
2278 1638 2395 1681 libris
2425 1653 2572 1681 manu-

271 1712 434 1766 scriptis
454 1710 532 1753 ·vel
563 1710 718 1752 excusis
748 1709 911 1752 additae
942 1708 1035 1751 sint.
1113 1708 1336 1751 Ahrensius
1381 1709 1547 1763 quidem
1593 1709 1702 1752 haud
1733 1723 1877 1763 paucas
1914 1710 2045 1752 varias
2076 1710 2282 1761 lectiones,
2331 1722 2434 1764 quae
2465 1710 2577 1753 inter

270 1785 424 1828 lemma
454 1784 494 1826 et
524 1782 837 1838 explicationem
873 1781 1030 1837 positae
1061 1780 1215 1824 mirum
1243 1780 1286 1824 in
1316 1781 1485 1824 modum
1526 1782 1757 1824 contextum
1788 1782 1979 1824 orationis
2010 1783 2178 1825 turbant
2226 1782 2293 1837 (cf.
2327 1783 2359 1834 Ι,
2395 1785 2463 1825 59.
2501 1785 2568 1825 71.

270 1858 343 1907 IV,
378 1858 446 1898 60.
481 1855 532 1905 V,
571 1856 671 1909 127)
719 1854 929 1908 quadratis
975 1854 1165 1896 cancellis
1196 1854 1515 1908 circumsaepsit,
1563 1854 1633 1896 sed
1662 1856 1810 1904 tamen,
1859 1855 1929 1907 qui
1959 1868 2063 1897 nunc
2096 1857 2156 1897 est
2186 1857 2317 1897 status
2349 1857 2572 1909 apparatus

271 1928 417 1980 critici,
464 1926 575 1970 haud
619 1926 703 1970 scio
748 1939 800 1969 an
831 1925 961 1968 alieno
992 1925 1113 1968 modo
1144 1926 1234 1969 1060
1280 1926 1351 1968 1133
1381 1926 1574 1969 1661101163
1621 1939 1667 1968 ex
1697 1925 1860 1968 scholiis
1900 1926 2047 1980 petitas
2081 1925 2307 1982 Calliergus
2339 1927 2566 1970 inseruerit.

270 2002 331 2044 Ex
360 2001 438 2044 hoe
470 2013 638 2043 numero
669 2012 750 2050 eae,
783 2012 885 2053 quae
917 1999 1144 2042 accuratius
1177 1998 1439 2053 explicantur,
1488 1998 1597 2042 haud
1644 1998 1763 2041 dubie
1809 1999 1913 2041 inter
1958 1999 2151 2054 genuinas
2198 1999 2330 2042 varias
2377 1999 2574 2043 lectiones

270 2072 499 2117 referendae
529 2072 624 2115 sunt
656 2071 723 2127 (cf.
747 2072 779 2123 Ι,
816 2073 913 2127 71);
946 2072 1078 2115 11111110
1110 2072 1247 2115 31116111
1279 2070 1486 2115 difficilius
1517 2070 1566 2114 de
1598 2070 1653 2114 eis
1683 2070 1853 2114 iudicari
1884 2071 2028 2126 potest,
2062 2084 2155 2114 cum
2186 2071 2270 2114 sine
2303 2071 2571 2126 explicatione

270 2146 505 2196 afferuntur,
538 2145 650 2188 velut
680 2144 756 2197 ΙΠ,
792 2145 860 2196 28,
903 2144 976 2187 ubi
1017 2144 1232 2187 lectionem
1262 2143 1361 2186 οὐδὲ
1395 2144 1439 2186 τὸ
1474 2143 1677 2202 τηλέᾳιλον
1709 2144 2025 2200 ποτ-ςααξάμενον
2058 2144 2311 2202 πλατάγησεν
2340 2156 2387 2187 ex
2417 2144 2572 2188 Aldina-

270 2218 335 2261 vel
360 2217 532 2261 ,Iuntina
554 2216 779 2272 Calliergus
810 2217 990 2260 hausisse
1020 2216 1193 2260 videtur.
1256 2216 1326 2259 sed
1358 2229 1452 2259 cum
1482 2216 1580 2259 11366
1611 2215 1791 2270 quaestio
1823 2215 1873 2259 ad
1904 2216 2026 2258 finem
2057 2215 2259 2270 quendam
2291 2216 2460 2271 perduci
2491 2230 2571 2261 non

269 2290 409 2344 possit,
457 2290 504 2331 ut
535 2291 645 2332 certo
691 2289 800 2331 nitar
843 2288 1120 2335 fundamento.
1169 2288 1211 2330 in
1258 2288 1381 2331 variis
1424 2287 1666 2330 lectionibus
1711 2287 1994 2342 componendis
2027 2289 2066 2329 et
2098 2287 2369 2331 diiudicandis
2416 2289 2571 2332 scholia

269 2361 420 2404 codicis
452 2361 652 2416 primarii,
686 2361 949 2403 Ambrosiani
982 2361 1081 2412 222,
1116 2374 1218 2415 quae
1248 2360 1454 2416 Zieglerus
1486 2372 1587 2402 anno
1626 2361 1733 2400 1813?
1769 2359 1907 2404 edidit.
1940 2360 2025 2401 sola
2055 2360 2282 2414 respiciam.

484 2564 546 2606 Ac
592 2564 772 2619 primum
810 2563 974 2618 quidem
1007 2576 1072 2605 eas
1103 2564 1234 2605 vaiias
1265 2564 1456 2605 lectiones
1488 2575 1738 2617 componam.
1788 2575 1888 2615 quae
1926 2564 1964 2602 et
1997 2563 2258 2604 librariorum
2306 2565 2491 2605 inscitiae
2523 2578 2570 2606 ac

267 2637 547 2692 neglegentiae
579 2638 619 2679 et
648 2637 1011 2692 grammaticorum
1043 2649 1252 2691 peirersae
1282 2636 1496 2693 sagacitati
1528 2648 1573 2677 ae
1605 2635 1733 2676 malae
1771 2635 1979 2676 sedulitati
2010 2635 2170 2678 debitae
2201 2636 2253 2677 ad
2283 2639 2441 2678 textum
2473 2650 2571 2679 con-

268 2708 521 2751 stituendum
551 2709 655 2751 nihil
685 2708 877 2763 praesidii
908 2709 1092 2751 afferunt.

483 2805 515 2854 Ι,
551 2805 619 2846 56.
683 2803 938 2845 Aah-:ostend
952 2820 985 2844 ν.
1049 2802 1260 2861 Ιῇιίφεται
1287 2805 1421 2862 χωρὶς
1458 2805 1526 2844 τοῦ
1560 2818 1588 2843 π
1619 2803 1922 2843 ,Nummi-a·
1980 2803 2169 2853 Δ’Ῑὶυλὶζειν
2202 2804 2282 2861 γὰρ
2318 2807 2361 2846 τὸ
2394 2806 2566 2847 ἀπατᾶν.

482 2887 741 2931 Vocabulum
773 2888 976 2931 αἷπολικόν
1018 2901 1064 2930 ex
1094 2888 1268 2930 αῖολικύν
1299 2887 1562 2943 depravatum
1594 2899 1676 2928 esse
1723 2899 1859 2929 omnes
1893 2888 2100 2930 Theocriti
2131 2888 2371 2943 interpretes
2407 2889 2571 2932 intelle-

266 2960 421 3001 xerunt.
485 2962 696 3003 servarunt
742 2960 923 3021 plerique
954 2960 1171 3002 lectionem
1202 2960 1380 3001 Αἱολικόν
1427 2960 1537 3012 (113111
1569 2958 1740 2999 αἷυλικύν
1773 2959 1806 3000 31
1838 2962 1945 3002 16616
1978 2974 2016 3002 v.
2049 2961 2293 3018 ἀπατητικύν
2330 2962 2566 3015 explicatur.

266 3029 436 3072 minime
466 3030 509 3072 in
539 3031 648 3074 1111116
679 3032 819 3074 10611111
848 3031 1045 3086 quadrare
1077 3043 1194 3074 nemo
1225 3030 1499 3083 infitiabitur),
1539 3042 1661 3083 quam
1693 3042 1833 3072 vocem
1866 3032 2049 3085 sequenti
2088 3032 2284 3074 vocabulo
2320 3032 2568 3089 Ιιὶιλυὸωνίῳ

265 3101 409 3144 fulcire
456 3104 719 3155 conabantur,
766 3104 836 3146 sed
882 3091 959 3146 hoc
1003 3103 1152 3146 falsum
1184 3116 1267 3146 esse
1297 3103 1401 3145 infra
1432 3102 1676 3145 docebimus
1741 3104 1966 3146 rectissime
1999 3104 2223 3146 Ahrensius
2257 3105 2474 3158 (Theocrit.
2510 3107 2563 3148 Il.

266 3187 305 3227 p.
326 3174 431 3227 472)
465 3173 644 3233 αἷολίχον
672 3175 796 3218 scribi
827 3176 953 3227 iubet,
988 3189 1081 3218 611111
1102 3188 1195 3229 pars
1217 3174 1462 3218 scholiorum
1484 3173 1858 3227 interpretationem
1892 3176 2029 3218 αἰόλην
2064 3193 2096 3218 τι
2127 3178 2195 3218 καὶ
2226 3176 2395 3219 ποικίλον
2427 3177 2570 3233 θέαμα

265 3244 427 3295 habeat,
461 3256 567 3298 quae
595 3246 681 3288 sine
713 3246 837 3289 dubio
869 3247 921 3289 ad
952 3246 1129 3305 αἷολὶχον
1157 3246 1342 3301 pertinet.
