3066 3741
1436 210 1485 250 11

303 348 592 401 Oromedonte,
625 360 720 405 rege
750 348 920 401 insulae,
953 349 1206 404 appellatum
1237 351 1504 395 coniecerunt.
1562 353 1607 394 at
1637 351 1672 394 si
1703 350 1841 393 tantus
1872 347 1915 391 in
1946 347 2002 391 Co
2034 361 2149 391 mons
2180 348 2334 399 fuisset,
2368 349 2519 392 mirum
2553 350 2617 392 est

302 434 402 465 eum
432 434 579 477 parum
624 420 835 476 cognitum
879 420 1013 464 fuisse.
1090 424 1198 467 recte
1242 436 1384 467 vocem
1429 422 1651 467 scholiasta
1697 420 1848 465 codicis
1880 420 1979 464 Gen.
1995 418 2014 446 b
2061 420 2237 475 explicat
2285 423 2355 464 τοῦ
2387 420 2514 478 ὅμως
2545 424 2617 464 τοῦ

304 493 579 554 ὑψηλοτάτου,
625 494 696 536 τοῦ
747 494 828 536 τῶν
873 493 987 552 ὀρῶν
1027 493 1229 551 μέδοντος
1256 492 1315 553 τῷ
1345 495 1452 554 ὕφει,
1499 508 1623 552 quam
1654 493 1967 551 explicationem
2013 491 2065 536 ad
2094 492 2338 550 εὐρυμέδων
2368 494 2613 538 vocabulum

309 565 364 613 ab
394 564 596 609 Ahrensio
626 565 864 609 restitutum
893 565 1094 620 pertinere
1125 570 1305 622 apparet.
1317 571 1350 624 θ)

525 639 642 690 VIII,
677 639 745 681 74.
812 639 881 681 Οὐ
923 639 1037 695 μὰν
1080 640 1224 682 οὐδὲ
1268 641 1330 682 116
1347 657 1372 695 γ
1387 657 1486 684 mv:
1540 642 1622 683 ἀλλ’
1655 641 1754 683 οὐδὲ
1795 639 1931 693 λόγων
1972 638 2077 695 αὐτῇ
2119 638 2357 696 ἀπεκρίθην,
2403 639 2489 681 οἷον
2519 640 2617 682 οὐδὲ

308 712 356 753 τὸ
389 710 525 769 τυχόν.
576 710 692 753 δοκεῖ
717 711 766 753 δὲ
799 712 844 754 τὸ
876 709 976 761 ἔπος
1001 712 1266 772 ἡμαρτῆσθαι
1295 713 1475 756 ἐνταῦθα
1499 730 1509 741 ·
1534 713 1655 757 ἔνθεν
1684 715 1723 755 οἱ
1751 712 1830 768 μὲν
1861 712 2089 768 γράφουσιν
2133 728 2156 750 ο
2174 711 2196 753 ὑ
2213 711 2241 753 ἃ
2256 711 2277 753 ὲ
2307 712 2368 753 M
2386 728 2448 766 γο
2466 729 2485 753 ν
2522 714 2617 754 ἀπε-

303 781 454 841 κρίθην
486 781 652 833 ἄτοπον,
682 784 823 841 πικρὸν
853 785 970 842 αὐτῇ.

526 854 643 906 Quod
673 855 893 897 scholiasta
921 857 1069 912 legisse
1114 857 1276 898 videtur
1321 858 1369 898 οὐ
1395 859 1478 915 μὰν
1507 856 1605 899 οὐδὲ
1633 858 1768 912 λόγων
1801 855 1968 914 ἐκρίθην
1999 855 2079 896 ἄπο
2113 857 2157 896 τὸ
2190 857 2330 912 πικρὸν
2360 857 2477 913 αὐτῇ,
2524 871 2617 898 cum

305 928 351 969 et
379 922 519 969 metro*
543 929 584 969 et
615 927 793 970 Graecae
822 928 988 985 linguae
1018 930 1178 986 legibus
1209 929 1454 982 adversetur,
1502 930 1816 986 improbandum
1848 930 1920 970 est.
1984 928 2113 969 altera
2154 927 2275 969 lectio
2306 930 2367 970 est
2396 929 2517 983 λόγον
2551 931 2618 970 τὸν

310 1000 452 1057 πικρὸν
481 1013 528 1042 ac
558 1000 718 1055 saepius
749 1000 998 1044 adiectivum
1028 1015 1122 1044 eum
1154 1003 1327 1045 articulo
1357 1003 1608 1046 substantivo
1639 1002 1908 1057 postponitur.
1943 1000 1993 1043 cf.
2027 1001 2059 1051 Ι,
2094 1002 2162 1043 (33.
2197 1001 2251 1051 ΙΙ,
2289 1002 2384 1043 148.
2432 1002 2509 1051 III,
2545 1004 2613 1043 45.

311 1070 545 1127 quaerimus
576 1073 727 1123 autem,
775 1072 883 1127 quod
915 1074 1106 1116 acerbum
1136 1073 1241 1116 illud
1271 1074 1394 1117 fuerit
1423 1075 1603 1124 verbum,
1653 1073 1762 1128 quod
1808 1088 1886 1116 non
1916 1072 2197 1126 respondebat.
2275 1073 2430 1115 Verum
2475 1072 2618 1115 docere

306 1142 471 1187 videtur
517 1144 737 1188 scholiasta
767 1144 918 1188 codicis
947 1159 997 1200 p:
1048 1146 1092 1188 τὸ
1125 1146 1265 1204 πικρόν
1297 1162 1308 1173 ·
1341 1146 1458 1205 ὅπερ,
1505 1148 1549 1189 τὺ
1577 1147 1635 1205 μὴ
1666 1143 1939 1203 ἀποκριθῆναί
1961 1160 2031 1201 με,
2077 1145 2218 1201 πικρὸν
2249 1143 2297 1203 ἦν
2333 1144 2450 1202 αὐτῇ,
2497 1158 2618 1200 quem

312 1218 488 1267 secutus,
523 1216 685 1261 etiamsi
716 1216 765 1258 de
795 1217 967 1272 singulis
996 1218 1129 1259 verbis
1160 1217 1341 1261 dubitari
1371 1220 1515 1273 potest.
1547 1218 1788 1260 sententiam
1819 1219 1928 1259 recte
1959 1217 2019 1258 ita
2049 1217 2288 1270 expressisse
2324 1216 2428 1257 mihi
2458 1217 2620 1259 videtur

309 1289 539 1332 Meinekius
569 1303 608 1344 p.
644 1291 743 1341 479,
777 1303 871 1332 cum
903 1290 1067 1333 Scribit:
1112 1291 1159 1333 οὗ
1186 1293 1271 1348 μὰν
1301 1292 1388 1333 οὐδ’
1421 1291 1578 1345 ἀλέγων
1608 1289 1775 1348 ἐκρίθην
1805 1290 1899 1335 ἄπο,
1935 1289 2165 1346 τῶμπικρον
2196 1287 2315 1347 αὐτῇ.

526 1361 577 1411 X,
612 1363 681 1402 38.
745 1361 783 1401 B
797 1377 820 1401 ο
838 1363 899 1402 ῦκ
915 1377 938 1400 ο
956 1375 977 1409 ς
1007 1377 1017 1386 ·
1049 1361 1178 1418 ὄνομα
1207 1363 1358 1419 κύριον.
1419 1363 1530 1418 παρὰ
1561 1362 1608 1403 δὲ
1641 1362 1855 1418 λίκάνόρῳ
1888 1363 1911 1401 ὁ
1941 1361 2153 1414 βουκόλος.

527 1431 703 1475 Etiamsi
733 1432 957 1476 Fritzschio
988 1433 1008 1476 I
1038 1447 1077 1488 p.
1113 1435 1198 1478 335
1231 1447 1376 1478 nomen
1407 1433 1617 1489 proprium
1662 1447 1734 1488 pro
1767 1432 1942 1476 secunda
1987 1446 2157 1488 persona
2203 1433 2299 1490 poni
2346 1433 2615 1486 concedimus.

314 1503 466 1548 mirum
496 1505 635 1548 tamen
666 1506 739 1554 est,
787 1504 896 1560 quod
927 1505 1067 1549 eadem
1097 1520 1267 1562 persona
1297 1506 1338 1550 in
1368 1520 1484 1550 versu
1521 1508 1538 1549 1
1574 1507 1614 1549 et
1645 1507 1698 1548 55
1733 1505 1944 1555 ΙΙουκαῖος,
1988 1505 2054 1549 1110
2089 1505 2249 1555 Βοῦκος
2276 1505 2520 1550 nominatur.
2583 1508 2617 1551 si

309 1589 404 1621 vero
436 1578 477 1620 et
505 1576 659 1632 βοῢκος
696 1578 737 1621 et
765 1577 972 1633 βουκαῖος,
1004 1580 1051 1622 ut
1082 1578 1321 1623 scholiastae
1355 1578 1530 1635 (Ziegler
1559 1593 1597 1635 p.
1632 1579 1700 1630 (58,
1734 1577 1891 1621 Ahrens
1924 1578 1977 1623 Π,
2011 1593 2048 1635 p.
2085 1578 2189 1633 325)
2224 1578 2438 1635 explicant.
2487 1578 2618 1623 demi-

310 1650 451 1693 nutiva
481 1650 591 1692 vocis
620 1650 820 1706 βουκόλος
847 1653 952 1704 sunt,
987 1664 1066 1694 non
1097 1653 1158 1694 est
1188 1666 1260 1695 cur
1292 1652 1551 1695 offendamus.

528 1724 601 1775 XI,
637 1725 706 1766 21.
775 1723 1154 1782 Φιαρωτέρα.
1216 1726 1419 1783 γράφεται
1466 1724 1995 1782 σφριγανωτέρα.”·)

532 1795 780 1855 Φιαρωτέρα
826 1809 920 1839 cum
967 1797 1169 1854 significet
1217 1797 1519 1855 „splendidior·‘
1568 1809 1614 1839 ao
1660 1796 1769 1838 color
1813 1796 1945 1838 verbis
1993 1797 2117 1838 λευκὰ
2147 1799 2187 1839 et
2213 1797 2437 1856 λευκοτέρα
2468 1802 2624 1849 ,τακτῆς

309 1869 488 1911 ποτιᾶεῖν
533 1868 632 1912 satis
664 1880 862 1925 superque
900 1872 1241 1914 commemoratus
1271 1870 1338 1921 sit,
1387 1869 1643 1913 scribendum
1675 1870 1735 1911 est
1765 1868 2080 1925 σᾳριγανωτέρα
2114 1869 2340 1915 ..tumidior
2384 1882 2508 1925 quam
2539 1883 2619 1914 uva

308 1941 575 1993 immatura“,
626 1954 707 1997 qua
752 1942 1052 1998 comparatione
1093 1943 1356 1986 Theocritum
1402 1945 1510 1986 recte
1555 1954 1673 1985 usum
1720 1953 1802 1984 esse
1832 1941 2085 1996 Hartungius
2116 1942 2318 1985 Theocrit.
2354 1955 2392 1998 p.
2427 1945 2513 1985 422
2546 1943 2618 1986 de—

313 2015 527 2066 monstrat,
562 2014 633 2070 qui
664 2014 858 2057 Nonnum
886 2014 1077 2067 XLVIII,
1113 2016 1199 2058 463
1231 2016 1378 2058 testem
1410 2015 1522 2058 citat.
1566 2014 1614 2057 cf.
1647 2013 1873 2069 Hesychius
1905 2014 2130 2071 σφριγανύν
2161 2028 2171 2038 ·
2204 2015 2390 2071 ἀκμαῖον,
2437 2015 2617 2073 δαψιλές,

310 2085 514 2143 σφοδρόν.
591 2086 817 2142 meliusque
861 2086 1042 2129 tumidas
1086 2087 1260 2143 papillas
1307 2101 1402 2130 cum
1447 2086 1680 2130 immaturis
1726 2099 1848 2141 quam
1894 2086 2064 2128 maturis
2110 2086 2200 2129 uvis
2237 2087 2465 2142 comparari
2499 2087 2618 2131 docet

314 2157 515 2201 Greverus
547 2173 586 2215 p.
622 2161 691 2210 87,
726 2158 822 2214 quia
852 2160 1036 2202 maturae
1068 2173 1238 2216 rugosae
1269 2162 1373 2203 sunt.
1408 2160 1460 2203 ad
1490 2159 1670 2203 tumidas
1700 2158 1873 2215 papillas
1904 2158 2030 2200 refero
2062 2159 2185 2201 etiam
2216 2159 2458 2202 scholiastae
2490 2160 2616 2203 inter-

312 2231 582 2288 pretationem
614 2231 791 2285 (Ahrens
821 2232 875 2283 II,
909 2245 948 2288 p.
984 2233 1088 2287 366)
1123 2232 1378 2291 σκληροτέρα
1409 2233 1554 2290 ἀώρου
1586 2231 1802 2288 σταφυλῖς,
1849 2231 1995 2286 quibus
2037 2231 2169 2273 verbis
2201 2232 2450 2274 soliditatem
2481 2232 2617 2288 papil-

308 2305 446 2348 larum
488 2304 716 2361 significare
747 2304 847 2348 vult.
910 2305 1158 2349 Ribbeckius
1192 2305 1286 2361 (Rh.
1320 2305 1377 2348 M.
1411 2305 1545 2357 XVII,
1579 2319 1618 2362 p.
1654 2306 1770 2359 565),
1820 2304 2053 2355 Ahrensius,
2103 2304 2361 2356 FritzschiuS,
2410 2305 2507 2361 quia
2538 2305 2617 2348 sibi

314 2378 596 2437 persuaserant
625 2379 718 2434 post
749 2378 872 2420 verba
898 2377 1047 2436 μόσχω
1080 2377 1314 2436 γαυροτέρα
1348 2378 1597 2434 sequendum
1629 2389 1724 2428 esse,
1759 2376 1866 2432 quod
1896 2376 1947 2418 ad
1964 2376 2144 2418 animum
2168 2377 2361 2420 Galateae
2382 2378 2615 2434 pertineret.

313 2450 438 2492 variis
469 2449 602 2492 modis
623 2450 760 2492 locum
781 2451 1001 2502 tentarunt,
1036 2450 1105 2492 sed
1127 2464 1278 2503 causas,
1314 2465 1385 2493 cur
1406 2451 1482 2493 1100
1504 2450 1592 2492 fieri
1613 2462 1770 2492 necesse
1793 2452 1906 2492 esset.
1941 2462 2018 2491 non
2039 2450 2273 2501 attulerunt,
2309 2450 2384 2492 etsi
2406 2450 2618 2507 aptissime

314 2522 403 2565 fieri
434 2535 551 2578 posse
583 2522 770 2565 concedo.

529 2595 603 2646 XI,
637 2597 705 2638 41.
766 2593 848 2651 Ἀμ
867 2612 924 2637 νο
941 2612 973 2651 φ
991 2594 1059 2652 ύρ
1077 2614 1112 2637 ω
1131 2611 1176 2644 ς;
1240 2596 1442 2653 γράφεται
1472 2597 1539 2637 καὶ
1565 2613 1597 2651 μ
1615 2613 1641 2636 α
1661 2612 1681 2637 ν
1699 2613 1718 2637 ν
1734 2613 1757 2635 ο
1775 2612 1805 2651 ᾳ
1823 2595 1845 2634 ύ
1860 2613 1889 2651 ρ
1907 2613 1929 2634 ο
1954 2612 1974 2636 υ
1992 2610 2022 2643 ς.

531 2666 685 2725 Νέβροι
716 2681 810 2711 011111
840 2667 1066 2719 hinnuleae,
1100 2681 1178 2711 non
1196 2681 1335 2711 cervae
1367 2667 1460 2718 sint.
1494 2667 1724 2726 ἀμνοφύροι
1756 2667 1837 2710 (1101
1869 2681 1945 2710 11011
1977 2668 2153 2724 possunt.
2208 2681 2243 2709 v.
2269 2667 2294 2709 l.
2326 2667 2623 2725 μαννοᾳόρους

313 2739 563 2796 explicatur:
592 2741 746 2797 μάννος
772 2729 878 2783 ἐστὶν
909 2741 932 2781 ὁ
966 2740 1275 2801 περιτραχήλιος
1292 2740 1445 2798 κόσμος
1465 2775 1473 2783 .
1499 2775 1507 2782 .
1534 2775 1542 2783 .
1573 2741 1765 2797 ,manaim
1798 2739 1979 2800 ἔχουσαι,
2019 2739 2196 2782 τουτέστι
2212 2742 2352 2799 χρυσᾶ
2375 2741 2620 2800 περιτραχή·

311 2814 394 2853 λια.
455 2814 498 2854 at
527 2813 708 2869 primum
740 2814 919 2865 ostendit,
969 2814 1077 2869 quod
1107 2814 1318 2856 hinnuleas
1364 2813 1585 2855 monilibus
1618 2816 1778 2855 ornatas
1810 2813 1965 2863 educat,
2014 2813 2056 2854 id
2088 2813 2195 2868 quod
2226 2814 2333 2854 recte
2365 2825 2405 2854 se
2438 2814 2618 2862 haberet,

316 2885 351 2926 si
381 2885 543 2940 cyclops
574 2885 748 2928 diceret:
783 2885 891 2938 Quas
922 2886 1000 2928 tibi
1032 2886 1135 2928 dono
1165 2886 1386 2928 monilibus
1417 2887 1589 2927 ornatas,
1642 2888 1732 2928 tum
1754 2886 1960 2942 epitheton
1992 2885 2276 2935 desideramus,
2311 2885 2420 2940 quod
2454 2887 2625 2935 ..κάλλος

314 2956 525 3016 ἔμφυτον“
572 2958 870 3011 hinnulearum,
918 2971 997 3001 non
1043 2960 1232 3001 ornatum
1278 2958 1480 3014 quendam
1526 2958 1741 3014 significat.
1821 2959 1869 3000 cf.
1904 2958 2149 3000 Fritzschius
2181 2959 2213 3009 Ι,
2256 2971 2294 3014 p.
2331 2960 2430 3000 361.
2509 2959 2551 3001 in
2582 2973 2619 3001 v.

536 3104 568 3158 ⁶)
615 3102 724 3144 Aliis
769 3116 929 3159 quoque
970 3103 1070 3144 locis
1101 3103 1342 3157 interpretes
1372 3103 1538 3144 nomina
1567 3103 1732 3157 propria
1777 3105 1918 3157 poetae
1965 3102 2179 3144 obtrudere
2211 3103 2348 3144 conati
2379 3106 2485 3155 sunt,
2527 3117 2623 3146 cum

317 3176 526 3219 contextus
568 3175 761 3218 orationis
806 3187 886 3219 non
932 3175 1010 3217 nisi
1055 3175 1304 3230 appellativa
1352 3174 1561 3231 efflagitet,
1608 3175 1720 3216 velut
1766 3175 1836 3226 IV,
1871 3177 1926 3217 20
1974 3174 2183 3234 Πυρρίχος
2210 3175 2261 3227 V,
2300 3176 2382 3218 102
2436 3174 2628 3234 Φάλαρος

310 3249 435 3301 VIII,
469 3250 524 3291 86
563 3248 760 3307 Moab-2721.

538 3322 570 3377 ⁷)
617 3321 675 3362 sio
705 3320 814 3377 quod
845 3320 968 3362 codex
997 3320 1165 3377 praebet
1194 3325 1533 3377 σφὲῗγανεωτερα
1565 3319 1849 3374 corrigendum
1881 3322 1952 3360 est.
