2920 3741
1591 217 1616 256 8

661 352 764 398 Cum
796 354 918 398 verbo
951 354 1072 413 φέρω
1105 369 1183 399 non
1216 356 1296 401 alia
1326 359 1404 402 nisi
1426 359 1633 402 adferendi
1664 358 1775 401 notio
1807 358 1873 409 sit
1893 358 2078 413 Daphnis
2095 360 2232 401 autem
2249 358 2426 415 syringa,
2461 373 2585 413 quam
2601 374 2645 402 m
2665 374 2757 404 ma-

440 428 560 471 nibus
591 427 726 479 habet
792 428 895 471 Pani
927 428 1097 472 daturus
1129 430 1195 483 sit
1230 432 1489 476 scribendum
1522 435 1609 476 est.
1644 432 1777 489 φέρεν
1809 433 1958 487 accipe.
2014 430 2062 474 cf.
2098 430 2306 514 Fritzsche
2337 430 2398 473 ed.
2433 431 2529 485 maj
2564 433 2596 483 Ι
2621 446 2660 486 p.
2686 435 2757 476 95.

661 500 715 549 ΙΙ
751 501 819 542 85.
885 500 960 541 l)-
938 501 1116 552 ζαλάπ
1129 504 1261 551 affe:
1312 506 1514 561 γράφεται
1560 505 1619 553 ἐ»
1603 505 1949 553 *smilace-v.

660 573 939 621 Ἰ·’ξαλαπάζειν
972 573 1021 615 de
1052 575 1208 616 morbis
1240 575 1453 619 hominum
1485 576 1567 620 dici
1599 576 1718 620 docet
1747 589 1843 619 usus
1875 575 2022 618 similis
2053 574 2165 618 verbi
2196 573 2366 632 πέριῖειν
2398 574 2513 631 (Oed.
2537 575 2615 631 tyr.
2646 577 2758 621 1456

439 645 564 692 νόσος
587 643 818 701 μ’ἕπερσε),
854 648 897 686 at
927 646 1040 687 notio
1073 648 1186 689 verbi
1218 648 1483 697 ἐξαλαπάξειν
1514 649 1676 704 gravior
1697 662 1820 703 quam
1851 661 1925 703 pro
1947 648 2024 690 hoc
2053 647 2142 689 loco
2175 648 2247 698 est,
2282 659 2375 689 cum
2406 646 2573 689 morbus
2601 646 2761 691 Simae-

439 717 557 758 tham
590 729 669 757 non
701 717 937 770 perdiderit,
988 718 1058 760 sed
1105 720 1223 761 valde
1255 721 1376 761 modo
1408 722 1641 763 mutaverit.
1721 722 1859 774 itaque
1890 733 1983 762 cum
2015 719 2215 762 Ahrensio
2254 719 2470 767 ἐξάλλαξεν
2496 719 2762 763 scribendum

437 789 514 839 est.
550 787 658 841 quod
692 788 850 831 librarii
882 801 1016 831 errore
1048 790 1090 832 in
1123 791 1367 840 ἐξεσάλαξεν
1399 791 1668 846 depravatum
1701 794 1772 835 est.

663 860 738 910 ΙΙΙ,
779 863 842 902 18.
918 862 982 902 Τὸ
1029 866 1137 904 πᾶν
1197 863 1379 912 λίθος.
1442 864 1514 905 ἐὰν
1547 864 1594 906 δὲ
1628 864 1833 921 γράφεται
1864 863 1931 906 διὰ
1964 865 2033 906 τοῦ
2067 878 2096 905 π
2123 861 2245 912 λίπος,
2279 861 2444 920 νοητέον
2475 860 2725 912 ogram-0.

663 933 799 975 Verba
833 935 877 974 τὺ
912 937 989 975 πᾶν
1019 934 1134 983 λίθος
1172 935 1221 976 ab
1253 935 1329 977 hoc
1360 935 1448 977 loco
1481 935 1612 977 aliena
1636 936 1747 993 sunt,
1782 935 1878 989 quia
1909 934 2129 989 caprarius,
2163 933 2233 988 qui
2265 934 2390 988 petat,
2422 932 2659 977 blandiatur
2689 948 2761 977 ne-

441 1017 553 1046 cesse
600 1005 671 1046 est.
751 1005 800 1046 cf.
835 1005 1039 1047 Bucheler
1085 1006 1162 1047 Rh.
1197 1007 1253 1048 M.
1289 1007 1377 1048 XV.
1423 1021 1460 1061 p.
1498 1009 1596 1048 453.
1675 1006 1787 1056 λίπος
1829 1009 1970 1049 contra
2017 1006 2126 1048 idem
2174 1006 2390 1062 significat,
2439 1006 2548 1061 quod
2592 1006 2760 1065 λιπαρά,

446 1077 702 1132 ..splendens
752 1077 966 1132 pulchras·
1046 1079 1154 1133 quod
1202 1093 1450 1134 quamquam
1498 1081 1600 1122 mire
1647 1080 1804 1123 dictum
1837 1082 1910 1131 est,
1959 1082 2097 1122 tamen
2128 1079 2264 1122 fulciri
2310 1080 2413 1122 mihi
2450 1080 2613 1123 videtur
2643 1093 2762 1124 versu

450 1152 530 1192 147
565 1150 619 1192 id.
656 1151 762 1192 XV:
793 1152 940 1207 χὼνὴρ
974 1150 1070 1199 ὅξος
1098 1153 1218 1192 ἅπαν.

663 1223 735 1273 IV,
772 1225 841 1264 21).
908 1221 1073 1281 ΙΙύρρ
1092 1239 1184 1282 ιχο
1204 1238 1247 1272 g:
1300 1224 1402 1273 τινὲς
1431 1224 1723 1281 παροξυτόνως
1751 1239 1903 1281 πυρρ
1921 1222 1976 1282 ἱχ
1990 1240 2013 1263 ο
2031 1238 2063 1273 ς.

664 1296 724 1338 Ex
755 1294 1025 1338 similitudine
1057 1298 1245 1338 accentus
1292 1297 1402 1338 vocis
1450 1296 1629 1355 οσσίχον,
1676 1296 1718 1338 in
1750 1309 1829 1349 quo
1861 1309 1999 1338 omnes
2047 1296 2203 1338 codices
2243 1297 2512 1347 consentiunt,
2564 1296 2766 1355 πυρρίχης

445 1368 755 1423 praeferendum
788 1370 859 1408 est.
912 1380 1014 1420 quae
1046 1368 1229 1420 sequitur
1261 1369 1476 1422 explicatio
1509 1368 1779 1423 grammatico
1812 1367 1993 1415 debetur.
2028 1368 2099 1421 qui
2130 1368 2341 1426 Πύρριχος
2369 1371 2410 1410 et
2442 1368 2653 1424 Πυρρικός
2682 1380 2761 1410 non

444 1441 645 1482 distinxit.

667 1512 737 1563 IV,
773 1515 840 1554 58.
922 1512 1151 1554 ΙΙύλλειε
1217 1513 1304 1553 ἀντὶ
1339 1515 1406 1553 τοῦ
1440 1513 1559 1567 φιλεῖ.
1618 1514 1768 1568 ιαυὶλὺν
1815 1512 1862 1553 δὲ
1912 1513 1955 1553 τὸ
1989 1512 2311 1568 ὃιεσςοαιαμένον
2345 1528 2355 1537 ·
2387 1512 2427 1553 οἳ
2458 1512 2538 1568 7th
2572 1512 2766 1567 js'oovrsg

444 1584 786 1641 διεστραμμένης
816 1586 897 1632 ταῖς
926 1583 1079 1639 ὄμμασι
1108 1584 1338 1637 βλέπουσιν.
1374 1610 1426 1613 ——
1453 1581 1608 1632 Ἄλλως.
1675 1583 1695 1625 I
1703 1583 1884 1640 ζιιιὶφετιιι
1911 1583 2150 1638 μύλλει,
2182 1582 2307 1640 ἤγουν
2339 1600 2432 1625 επι.
2460 1618 2467 1625 .
2494 1617 2502 1625 .
2560 1584 2759 1640 αι’σγρως.

665 1655 839 1698 Rectum
870 1655 1090 1698 scholiasta
1120 1654 1154 1697 si
1186 1667 1264 1698 non
1297 1654 1556 1710 perspexisse,
1605 1655 1773 1699 sensisse
1804 1657 1941 1699 tamen
1973 1654 2145 1706 videtur,
2194 1669 2287 1698 nam
2319 1669 2355 1698 v.
2387 1654 2547 1711 μύῆειν
2592 1653 2668 1697 etsi
2715 1654 2758 1697 in

447 1730 560 1770 varia
590 1729 762 1768 lectione
795 1729 954 1782 repetit,
988 1729 1108 1769 aliter
1140 1728 1326 1782 explicat.
1392 1727 1471 1768 duo
1505 1713 1612 1769 enim
1644 1731 1739 1770 sunt
1770 1729 1893 1771 verba
1920 1727 2093 1784 μύλλειν,
2127 1728 2175 1770 cf.
2202 1727 2376 1779 Curtius
2411 1727 2562 1782 griech.
2599 1727 2759 1782 Etym.¹

448 1803 478 1842 I.
516 1815 553 1855 p.
593 1804 679 1840 two
712 1813 770 1841 nr.
805 1802 918 1840 478:

660 1887 719 1927 μυ
747 1872 803 1927 μό
823 1896 836 1902 -
855 1889 889 1912 ω
923 1872 1113 1912 schliesse
1131 1872 1294 1926 (Augen
1316 1871 1397 1912 und
1420 1872 1579 1923 Mund).
1611 1887 1668 1928 μ’)
1688 1896 1700 1902 -
1719 1873 1747 1912 α’
1763 1897 1774 1902 -
1794 1888 1828 1912 ω
1861 1871 2007 1913 blinzle
2040 1876 2127 1928 (μοι
2144 1896 2157 1902 -
2170 1886 2228 1928 μυ
2247 1896 2259 1902 -
2277 1872 2307 1912 α’
2321 1896 2334 1902 -
2353 1887 2401 1918 ω,
2430 1870 2531 1927 fiiij.
2548 1897 2561 1903 -
2580 1888 2630 1921 ω,
2658 1887 2729 1929 μοι
2747 1897 2762 1904 -

439 1946 544 2000 μύλλ
563 1970 575 1975 -
593 1962 628 1985 ω
662 1947 757 1997 etc.)

665 2030 702 2070 p.
740 2018 825 2057 302
859 2030 917 2057 nr.
954 2018 1035 2056 481
1054 2031 1063 2057 ζ
1122 2016 1202 2070 μό).
1221 2041 1233 2047 -
1252 2031 1291 2072 η,
1319 2016 1399 2071 μό).
1418 2041 1430 2047 -
1449 2032 1471 2054 0
1491 2041 1502 2047 -
1522 2030 1542 2063 g
1570 2016 1724 2061 Mslhle,
1754 2016 1855 2070 μ’]’λλ
1874 2041 1886 2047 -
1904 2033 1939 2057 ω
1972 2016 2107 2057 mahle
2138 2017 2212 2057 etc.

664 2088 812 2129 Battus
841 2087 1001 2143 μύὶαἶειν
1034 2101 1127 2129 curn
1160 2087 1321 2128 notione
1358 2087 1557 2135 „nictari”
1593 2087 1745 2128 utitur:
1781 2087 1893 2128 Num
1925 2100 2040 2128 senex
2073 2087 2298 2129 etiamnum
2321 2087 2477 2129 nictans
2506 2087 2557 2129 ad
2579 2099 2761 2130 amorem

442 2173 562 2202 suum
595 2162 765 2214 spectat.
853 2161 895 2201 at
929 2159 1113 2215 Corydon
1147 2160 1365 2202 obscenum
1414 2159 1527 2210 verbi
1562 2159 1723 2214 μα’)κῖειν
1754 2171 1914 2201 sensum
1947 2158 2164 2213 respiciens
2197 2158 2433 2214 respondet:
2490 2159 2595 2201 Eum
2626 2158 2763 2201 inveni

443 2233 677 2274 molentem.
744 2234 912 2286 propter
943 2233 1046 2274 hanc
1078 2232 1190 2274 verbi
1224 2232 1429 2274 notionem
1463 2232 1503 2274 in
1537 2244 1654 2273 versu
1688 2232 1738 2271 (51
1780 2229 1946 2287 [schol.:
1992 2247 2023 2286 ρ,
2042 2231 2070 2271 ά
2086 2231 2149 2272 νᾶ
2159 2247 2189 2287 ρ
2208 2246 2261 2273 a:
2296 2231 2499 2287 γράφεται
2529 2232 2597 2273 καὶ
2630 2232 2763 2273 ποτὶ

446 2304 508 2346 τὰ
528 2320 546 2345 ν
589 2320 619 2359 μ
638 2305 666 2345 α’
680 2320 702 2345 κ
721 2320 782 2360 τρ
801 2321 827 2345 α
845 2320 863 2345 ν
884 2302 935 2361 4)]
970 2304 1187 2347 lectionem
1217 2306 1382 2361 μάκτρα
1415 2304 1609 2359 praefero,
1644 2317 1739 2345 nam
1756 2302 1889 2357 lepide
1912 2302 2097 2358 Corydon
2130 2302 2182 2345 ad
2205 2303 2384 2345 molendi
2407 2304 2576 2345 verbum
2598 2302 2759 2354 alludit,

443 2390 539 2418 cum
573 2376 696 2418 dicit:
737 2376 804 2418 Ad
838 2376 970 2431 ipsam
1000 2376 1167 2432 magida
1198 2390 1291 2418 eum
1325 2377 1458 2418 inveni
1491 2376 1723 2418 molentem.
1790 2375 1974 2417 dativum
2006 2377 2112 2417 recte
2145 2375 2368 2418 Ahrensius
2400 2375 2630 2419 accusativo
2663 2375 2762 2418 sub-

442 2449 591 2490 stituit.
656 2449 704 2489 cf.
740 2449 916 2503 Rumpel
949 2449 1065 2491 lexic.
1104 2450 1272 2491 Theocr.
1308 2463 1337 2491 s.
1373 2463 1408 2491 v.
1446 2449 1563 2506 ‘7²‘ss-

663 2522 712 2570 V,
749 2524 816 2562 22.
883 2522 959 2562 Ka
979 2537 1033 2563 τε
1053 2521 1149 2578 ίπη
1167 2536 1198 2569 ς.
1263 2524 1466 2577 γράφεται
1500 2522 1525 2561 ἁ
1545 2536 1607 2561 πε
1626 2519 1682 2560 [7.-
1697 2536 1720 2576 ῃ
1741 2534 1771 2567 ς.

664 2593 910 2639 Lectionem.
946 2606 1070 2647 quam
1103 2593 1227 2636 codex
1260 2593 1285 2635 k
1319 2593 1359 2636 in
1393 2593 1527 2636 verbis
1559 2595 1702 2647 poetae
1734 2592 1907 2641 exhibet.
1942 2593 2093 2635 nullius
2126 2605 2210 2635 esse
2241 2592 2430 2647 ponderis
2452 2593 2702 2635 Fritzschius
2724 2593 2757 2635 Ι.

444 2679 483 2721 p.
526 2666 604 2708 1⁴31
642 2664 797 2720 optimo
831 2665 917 2709 iure
950 2664 1167 2709 contendit.
1244 2668 1444 2709 κατειπεῖν
1476 2665 1583 2708 enim
1627 2665 1832 2708 notionem
1882 2664 2065 2718 ..aliquid
2099 2666 2237 2718 aperte
2270 2665 2429 2707 dicere·‘
2481 2667 2627 2715 habet;
2681 2680 2762 2719 quo

445 2737 568 2781 verbo
600 2738 775 2793 recepto,
809 2736 907 2792 quid
931 2735 1143 2781 Comatam
1177 2738 1315 2793 aperte
1348 2736 1479 2782 dicere
1497 2737 1632 2781 Lacon
1664 2735 1775 2787 velit,
1810 2735 2022 2780 nescimus
2078 2737 2286 2791 praeterea
2317 2736 2410 2779 ἕστε
2442 2751 2537 2780 cum
2568 2738 2762 2780 coniunc-

442 2810 529 2854 tivo
562 2808 671 2866 apud
703 2809 966 2854 Theocritum
1000 2822 1078 2853 non
1111 2810 1312 2865 reperitur
1359 2810 1436 2854 nisi
1469 2825 1563 2855 cum
1595 2827 1640 2853 κε
1673 2809 1948 2853 coniunctum.
2014 2808 2063 2852 cf.
2099 2809 2130 2860 Ι,
2166 2813 2203 2852 6.
2244 2809 2316 2860 VI,
2351 2811 2419 2852 32.
2483 2810 2560 2853 hac
2588 2810 2762 2853 lectione

443 2882 658 2938 repudiata
689 2882 907 2926 scribimus
941 2882 1136 2931 ἀπειπεῖν,
1169 2883 1277 2937 quod
1299 2883 1468 2926 verbum
1490 2883 1831 2925 Wuestemannus
1855 2881 2040 2936 (Theocr.
2065 2896 2103 2936 p.
2130 2884 2204 2936 80)
2232 2882 2334 2925 falso
2356 2882 2559 2937 explicat:
2597 2883 2762 2932 {Donec

443 2955 600 2998 victum
632 2957 672 2998 te
705 2954 908 3010 professus
941 2954 1106 3005 fueris·⁴‚
1156 2968 1233 2998 non
1266 2955 1364 2998 satis
1396 2955 1605 3010 perspicue
1638 2953 1844 2997 Ameisius
1880 2952 2032 2999 ..donec
2064 2954 2309 2997 recusaveris
2341 2955 2515 3005 victus-⁶,
2556 2957 2599 2997 at
2630 2953 2761 3008 quid?

442 3039 571 3082 neque
604 3039 698 3071 vero
731 3026 980 3070 Fritzschius
1003 3027 1035 3077 Ι,
1069 3040 1107 3082 p.
1139 3029 1217 3070 161
1254 3028 1411 3070 rectum
1443 3026 1689 3082 perspexisse
1722 3025 1825 3068 mihi
1858 3024 2030 3077 videtur,
2065 3025 2135 3080 qui
2166 3026 2320 3082 allegat
2352 3026 2475 3081 Soph.
2500 3027 2644 3070 Trach.
2673 3028 2757 3069 788

441 3100 531 3140 ἐπεὶ
564 3100 607 3140 ο”
642 3100 786 3141 α’πεῑπε
838 3110 961 3144 ..cum
1007 3098 1133 3141 fessus
1181 3100 1325 3142 esset.··
1392 3111 1466 3154 ego
1514 3097 1565 3142 ad
1597 3097 1734 3141 locum
1767 3096 2051 3152 explicandum
2093 3098 2218 3141 verba
2248 3099 2393 3142 scholii
2424 3099 2610 3149 adhibeo,
2659 3109 2761 3152 quae

443 3173 580 3214 tamen
612 3170 911 3226 transponendo
943 3170 1122 3214 sananda
1153 3172 1257 3214 sunt.
1329 3170 1546 3215 traduntur
1577 3170 1653 3213 hoc
1684 3168 1829 3212 modo:
1885 3168 2214 3226 ὃιακριϋῆσομαι,
2260 3171 2343 3220 ἕως
2385 3170 2434 3214 οὔ
2465 3170 2767 3226 άπαγορεύσεις

664 3319 697 3373 ⁴)
746 3314 814 3360 Sic
846 3316 871 3359 l.
905 3315 1071 3374 βάκτρα
1102 3315 1187 3359 sine
1221 3314 1344 3359 dubio
1377 3315 1616 3373 corrigenda
1648 3316 1718 3358 est.
