2920 3741
1473 181 1499 221 4

543 323 576 376 I,
611 324 681 366 57.
746 322 1130 382 Καλυδωνίῳ.
1180 324 1283 374 τινὲς
1311 324 1359 366 δὲ
1391 326 1599 383 γράφουσι
1632 324 1963 382 Καλυδνίῳ.

541 409 581 438 v.
600 395 827 453 Καλυδνίῳ,
857 396 967 450 quod
989 396 1193 453 Calydnae
1223 398 1378 439 insulae
1409 410 1536 452 prope
1558 397 1687 439 Coum
1718 399 1820 440 sitae
1851 399 1977 448 erant,
2010 398 2095 439 iam
2126 396 2347 439 scholiasta
2376 381 2640 450 improhavit.

322 470 384 513 Ut
423 470 598 512 alteram
632 467 883 525 Ιιὶιλυὸωνὶῳ
920 469 1139 511 lectionem
1183 472 1361 521 tueatur,
1410 483 1661 524 quamquam
1693 470 1874 527 Calydon
1918 471 2016 514 urbs
2062 483 2142 513 non
2187 468 2240 512 ad
2279 481 2393 512 mare
2438 467 2519 512 sita
2547 467 2641 522 fuit,

322 542 552 585 Meinekius
586 541 772 597 (Theocr.
800 545 816 571 ³
846 555 885 596 p.
916 543 1017 596 187)
1049 543 1189 584 tamen
1220 542 1493 584 Heliodorum
1523 543 1645 585 Aeth.
1680 543 1730 594 V,
1770 546 1821 585 17
1855 544 1998 586 docere
2030 542 2144 593 dicit,
2189 530 2408 597 Calydonis
2439 540 2643 585 dicionem

322 613 377 657 ad
406 626 519 656 mare
550 626 678 667 usque
708 613 951 669 pertinuisse
983 615 1025 656 et
1055 614 1191 657 sinum
1209 613 1529 665 Corinthiacum,
1570 617 1767 668 quatenus
1800 615 2070 672 Calydonium
2100 614 2200 657 litus
2231 613 2423 669 attingat,
2456 614 2643 668 appella-

322 687 414 728 tum
448 697 532 727 esse
567 685 827 727 Καλυδώνιον
859 683 1065 742 πορθμόν.
1125 687 1233 728 recte
1265 685 1307 727 id
1340 685 1519 740 quidem,
1569 686 1640 728 sed
1686 687 1770 729 sive
1805 686 2016 743 Ιιάλυὸνὶῳ
2052 686 2136 729 sive
2170 684 2420 742 Καλυὸωνίῳ
2450 685 2642 741 legimus,

323 759 427 801 mire
459 772 499 801 v.
522 758 738 815 πορθμεύς
765 760 999 812 usurpatur,
1035 771 1128 800 cum
1161 758 1231 812 qui
1262 772 1286 800 a
1308 757 1511 813 Calydone
1543 758 1607 800 vel
1640 772 1664 801 a
1686 757 1877 815 Calydnis
1909 759 2053 802 insulis
2075 759 2116 801 in
2138 757 2324 801 Siciliam
2350 756 2444 800 navi
2464 757 2640 811 vehitur,

322 830 500 886 pessimo
531 830 619 872 iure
651 830 867 888 πορθμεύς
904 831 1149 885 appellatur.
1215 832 1276 873 est
1307 830 1503 873 Caulonia
1534 830 1733 885 oppidum
1763 831 1807 874 in
1837 832 2003 874 Bruttio
2035 831 2141 874 inter
2170 831 2320 874 Locros
2351 828 2644 886 Epizephyrios

318 905 365 947 et
410 902 675 960 Scylacaeum
721 903 860 955 situm,
919 903 992 946 ubi
1034 903 1062 947 J
1065 916 1144 946 uno
1190 903 1592 959 magnificentissime
1639 903 1859 946 colebatur.
1940 903 2049 959 quod
2095 903 2130 947 si
2173 901 2395 959 Καυλωνίῳ
2440 901 2643 945 Ahrensio

322 978 490 1021 auctore
530 976 762 1028 scribimus
811 976 949 1020 omnia
994 977 1206 1033 aptissime
1253 978 1493 1033 congruunt,
1542 990 1637 1020 nam
1668 977 1806 1029 nauta,
1840 976 1912 1032 qui
1942 991 1966 1022 a
1998 976 2170 1021 Graecia
2199 976 2353 1034 Magna
2381 974 2425 1018 in
2456 974 2643 1019 Siciliam

322 1049 498 1102 vehitur,
531 1062 625 1092 vere
657 1049 835 1105 portitor
865 1050 1067 1106 appellari
1096 1051 1242 1105 potest.

542 1136 575 1185 I,
612 1136 680 1177 72.
756 1135 863 1184 Τινὲς
892 1136 1098 1177 αἰτιῶνται
1141 1136 1211 1177 τὸν
1249 1135 1465 1192 θεόκριτον
1510 1134 1579 1176 καί
1623 1151 1746 1192 φασιν
1793 1134 1836 1177 ἐν
1867 1133 2031 1193 Σικελίᾳ
2077 1135 2244 1185 λέοντας
2283 1132 2344 1194 μὴ
2374 1132 2491 1182 εἶναι,
2538 1132 2640 1175 ἀλλὰ

319 1206 620 1264 προς-τιθεμένη
653 1205 678 1264 ὴ
710 1207 761 1248 ἄν
794 1208 975 1265 συλλαβὴ
1005 1208 1090 1249 λύει
1122 1209 1191 1264 τὴν
1222 1206 1350 1247 αἰτίαν
1385 1222 1394 1232 ·
1429 1207 1492 1247 ἵνα
1525 1203 1584 1264 ᾗ·
1614 1211 1730 1265 τῆνον
1761 1207 1811 1248 ἂν
1842 1206 2051 1255 ἔκλαυσεν,
2081 1208 2120 1249 εἷ
2148 1207 2191 1249 ἐν
2220 1206 2383 1264 Σικελίᾳ
2413 1206 2519 1248 λέων
2549 1204 2613 1263 ἦν.

541 1290 755 1333 Particula
786 1290 836 1333 ἄν
867 1304 891 1333 a
921 1291 1191 1346 grammatico
1224 1290 1345 1332 nimis
1378 1291 1524 1345 arguto
1556 1290 1698 1333 addita
1728 1291 1770 1333 et
1799 1292 1909 1333 torta
1940 1291 2026 1332 eius
2057 1290 2274 1345 explicatio
2305 1292 2377 1333 est.

541 1365 574 1415 Ι,
609 1366 679 1406 95.
739 1362 932 1405 Ἡδεῖα
979 1364 1290 1418 γελάοισα.
1322 1363 1394 1404 ἐὰν
1426 1363 1474 1404 δὲ
1507 1364 1711 1420 γράφεται
1743 1364 1811 1405 διὰ
1844 1365 1914 1405 τοῦ
1948 1380 1959 1404 ι
1992 1361 2019 1421 ἣ
2049 1363 2144 1411 Διὸς
2173 1362 2378 1421 &araz-⁷20.

541 1436 571 1477 l.
635 1434 663 1476 ἁ
695 1436 763 1476 δῖα
794 1436 932 1477 vesani
963 1435 1225 1489 grammatici
1256 1437 1535 1476 commentum
1567 1449 1651 1477 esse
1682 1448 1851 1489 sequens
1882 1434 1951 1476 καί
1978 1435 2182 1490 particula
2212 1434 2474 1477 demonstrat.

543 1509 576 1560 I,
616 1510 712 1550 118.
784 1507 1050 1565 Θύβριδι)
1069 1522 1112 1555 g:
1162 1507 1194 1548 ..¹
1210 1507 1232 1548 υ’
1248 1507 1282 1561 β
1290 1524 1321 1564 ρ
1339 1524 1350 1548 ι
1369 1522 1389 1555 ς
1421 1507 1525 1548 κατὰ
1557 1507 1746 1561 γλῶσσαν
1778 1505 1804 1565 ἣ
1836 1506 2026 1549 θάλασσα
2060 1507 2163 1555 τινὲς
2191 1507 2239 1549 δὲ
2270 1505 2454 1555 Σικελίας
2482 1503 2644 1563 ἔφησαν

322 1583 510 1638 ποταμὸν
549 1582 580 1622 Θ
596 1581 663 1636 ύμ
677 1581 750 1637 βρ
768 1597 780 1621 ι
797 1580 824 1621 ὃ
838 1597 880 1621 α.

542 1666 655 1707 Inter
685 1678 722 1706 V.
746 1666 773 1706 l.
816 1665 1032 1721 θύβριὸος,
1065 1665 1280 1721 Δύβριὸος,
1320 1665 1555 1721 Θύμβριόος
1583 1679 1621 1705 v.
1657 1664 1861 1722 Θύβριδος
1886 1665 2029 1706 testari
2060 1664 2223 1706 videtur
2244 1663 2408 1706 Servius
2440 1662 2492 1705 ad
2514 1663 2638 1718 Verg.

324 1738 426 1780 Aen.
462 1738 538 1789 ΙΙΙ,
575 1739 684 1779 500:
739 1737 848 1779 circa
880 1736 1100 1793 Syracusas
1146 1750 1232 1778 esse
1263 1738 1436 1778 Thibrin
1483 1738 1634 1779 fossam
1665 1737 1905 1779 Theocritus
1952 1737 2152 1779 meminit.
2225 1736 2459 1794 θόμβριδος
2499 1749 2642 1779 vocem

322 1813 465 1853 tuetur
486 1811 673 1852 Eustath.
699 1809 750 1851 ad
782 1810 901 1851 Dion.
930 1811 1029 1859 354,
1064 1810 1268 1866 Δύβριδος
1286 1810 1549 1864 Asclepiades
1571 1810 1805 1865 Myrleanus
1837 1810 2051 1864 scripsit1).
2093 1824 2195 1863 quae
2227 1810 2349 1853 lectio
2380 1808 2643 1864 praeferenda

323 1883 391 1933 sit,
441 1882 517 1924 etsi
565 1881 746 1923 dubitari
783 1883 931 1936 potest,
979 1881 1219 1935 praesertim
1253 1896 1346 1923 cum
1378 1882 1600 1924 secundum
1636 1882 1876 1935 interpretes
1923 1895 2060 1925 omnes
2106 1895 2224 1925 voces
2252 1895 2364 1925 mare
2396 1882 2460 1925 vel
2490 1881 2642 1925 flumen

324 1955 389 1996 vel
421 1955 572 1995 fossam
603 1954 847 2009 significent,
897 1956 1034 1996 tamen
1066 1954 1095 1995 1.
1136 1953 1299 2010 θύβρις,
1333 1953 1381 1996 de
1413 1969 1493 2008 qua
1523 1953 1687 1997 Servius
1720 1956 1759 1997 et
1790 1954 1894 1996 alter
1925 1954 2104 2009 optimus
2136 1955 2259 1998 codex
2291 1955 2365 2011 p2)
2399 1955 2639 2009 congruunt,

322 2026 586 2082 praeferenda
618 2040 702 2068 esse
733 2026 907 2068 videtur.

542 2113 596 2164 II,
632 2115 700 2153 59.
760 2110 769 2125 ⁶
790 2111 949 2166 Γπύμ
968 2127 994 2151 α
1013 2112 1074 2158 ξο
1094 2127 1113 2150 ν
1131 2126 1140 2151 ;
1190 2112 1394 2167 γράφεται
1441 2113 1467 2151 ἀ
1485 2128 1514 2152 π
1529 2112 1597 2166 ὀμ
1615 2129 1681 2167 ορ
1699 2113 1760 2159 ξο
1779 2129 1812 2153 ν.

544 2185 632 2226 ἶ-Ιπύ
646 2186 788 2240 ωρξον
810 2184 920 2225 idem
942 2183 1052 2236 quod
1079 2183 1215 2237 glossa
1247 2183 1459 2238 (ὶπύμαξον
1480 2184 1755 2238 superscripta
1775 2185 2000 2240 significat:
2037 2186 2188 2240 „terge
2210 2185 2438 2240 absterge.'·⁴
2474 2183 2523 2227 cf.
2548 2183 2639 2235 XV,

319 2259 406 2299 95:
456 2258 515 2315 μή
543 2273 615 2313 μοι
646 2257 790 2298 κενεὰν
823 2256 1052 2312 ἀπομάξῃς.
1114 2254 1374 2309 abstergendi
1406 2256 1575 2298 verbum
1607 2257 1702 2298 huic
1734 2257 1823 2299 loco
1856 2269 1934 2299 non
1968 2257 2167 2309 convenit,
2201 2257 2274 2300 illa
2305 2258 2506 2314 φάρμακα
2538 2268 2642 2310 quae

322 2329 434 2370 coxit
455 2328 666 2370 Simaetha
696 2327 878 2381 puellam
910 2327 1046 2369 limini
1068 2327 1298 2380 Daphnidis
1329 2328 1486 2370 illinere
1517 2329 1641 2371 iubet.
1697 2329 1899 2372 sufficeret
1930 2330 2058 2385 igitur
2088 2330 2257 2372 verbum
2280 2329 2453 2385 simplex
2475 2329 2641 2385 μάσσω,

323 2401 424 2444 bene
457 2402 595 2444 autem
627 2398 869 2443 Theocritus
901 2398 1127 2455 composito
1160 2398 1291 2442 utitur
1323 2398 1552 2456 ὑπύμαξονε
1602 2399 1714 2443 illine
1747 2401 1947 2459 φάρμακα
1979 2401 2084 2446 clam
2106 2400 2321 2457 Delphide,
2356 2413 2404 2443 ne
2436 2400 2506 2442 ille
2538 2412 2642 2455 quo-

323 2473 447 2517 modo
479 2473 684 2517 vinciatur
716 2471 953 2528 comperiat.

542 2557 597 2609 II,
634 2558 702 2598 60.
774 2555 979 2621 Φλι,ᾶς;
1015 2558 1218 2614 γράφεται
1251 2556 1420 2613 φιλία
1439 2571 1485 2605 ς,
1531 2558 1732 2599 τουτέστιν
1763 2559 1786 2598 ὃ
1820 2560 1924 2615 πρὸς
1952 2558 2083 2615 φιλίαν
2115 2560 2182 2598 καὶ
2212 2558 2363 2598 ἄκοντα
2396 2559 2464 2598 τὸν
2496 2557 2643 2613 Δέλφιν

318 2630 496 2673 ἑλκύσει.

542 2717 577 2745 ν.
613 2704 640 2745 l.
692 2701 825 2760 φιλίας
853 2716 968 2757 quae,
1002 2704 1050 2746 ut
1081 2702 1195 2746 nobis
1228 2703 1349 2746 verba
1379 2703 1533 2747 tradita
1564 2704 1669 2755 sunt,
1704 2703 1822 2758 plane
1838 2716 2027 2759 perversa
2059 2706 2131 2757 est,
2165 2717 2211 2747 ex
2242 2704 2362 2762 φλιᾶς
2390 2704 2523 2746 ortam
2555 2715 2641 2745 esse

319 2776 506 2829 apparet,
541 2774 651 2829 quod
683 2774 929 2817 vocabulum
963 2787 1058 2817 cum
1089 2787 1167 2817 non
1199 2774 1514 2830 intellegeretur,
1549 2776 1591 2818 in
1622 2775 1756 2833 φιλίας
1783 2778 2023 2831 corruptum
2054 2767 2129 2818 estj

540 2859 612 2911 IV,
650 2859 687 2901 7.
744 2854 938 2900 Ἴ,’λαιο
958 2874 991 2900 ν.
1024 2858 1102 2916 οὐχ
1134 2854 1192 2907 ὥς
1222 2872 1323 2908 τινες
1352 2856 1721 2914 ἀναγιγνώσκουσιν
1753 2859 1921 2902 ἐλαιό
1940 2876 1988 2910 ν,
2022 2858 2080 2909 ὡς
2110 2859 2271 2918 ἀραιόν,
2304 2857 2347 2912 ἵν’
2387 2855 2412 2918 ᾗ
2444 2862 2641 2918 σημαῖνον

323 2932 369 2974 τὸ
403 2931 650 2990 ἀγριέλαιον,
683 2930 733 2979 ἐξ
761 2927 810 2972 οὗ
844 2928 866 2971 ἱ)
893 2928 1152 2987 Ὀλυμπιακὰς
1181 2930 1383 2988 στέφανος
1412 2931 1629 2986 σύγκειται.

545 3153 575 3206 ¹)
624 3150 728 3192 conf.
763 3149 946 3192 scholion
990 3148 1078 3192 cod.
1115 3148 1214 3191 Gen.
1251 3146 1268 3173 ¹³
1302 3148 1490 3201 (Ahrens.
1525 3150 1564 3190 Il
1598 3164 1635 3204 p.
1673 3150 1747 3203 80)
1797 3149 2079 3207 ἶ-Ιωιληπιάόης
2108 3152 2131 3190 ὁ
2169 3149 2406 3207 ,Μυρλεανὸς
2451 3148 2518 3191 διὰ
2568 3148 2638 3190 τοῦ

318 3223 350 3262 ὃ
380 3224 532 3283 γράφει
563 3223 633 3263 καί
661 3238 775 3282 φησι·
811 3223 992 3280 ,Λύβρις
1021 3221 1048 3280 ἢ
1077 3223 1181 3262 κατὰ
1214 3223 1402 3274 γλῶσσαν
1435 3221 1664 3263 Mutuom?

542 3299 574 3351 ²)
623 3296 749 3352 Siglis
781 3298 973 3336 Ahrensii
1005 3299 1109 3335 utor.
